2020 3168
220 163 288 212 44
803 174 978 214 FLom
1005 175 1283 216 ΕΡΙΤΟΜΑ.

221 298 288 350 de
318 298 510 368 quibus
542 298 633 349 ille
657 297 836 367 Scipio
857 300 1124 367 posterior
1144 299 1404 367 singulari
1429 303 1735 369 certamine,
1765 320 1886 354 cum

148 371 205 413 12
221 384 322 419 rex
350 365 901 435 fuissetprovocator,
925 383 956 419 o
994 368 1102 419 ima
1123 367 1420 420 rettulerat.
1470 369 1726 431 Decimus
1751 372 1887 423 Bru-

216 443 303 487 tus
350 435 624 516 aliquanto
680 435 840 486 latius
887 434 963 487 Oe
985 436 1120 488 ticos
1166 436 1561 518 Lusitanosque
1615 445 1669 490 et
1713 441 1884 491 omnis

221 503 524 557 Callaeclae
580 503 808 573 populos
870 503 1319 574 formidatumque
1374 505 1634 559 mihtrous
1686 507 1886 559 fiumen

219 572 538 638 Oblivionis,
568 578 961 642 peragratoque
992 574 1166 626 victor
1197 573 1401 626 Oceani
1423 574 1581 627 litore
1608 592 1718 627 non
1735 577 1885 646 prius
1902 586 1926 620 ⁵

219 643 375 709 signa
412 642 679 693 convertit
713 658 872 710 quam
912 641 1190 694 cadentem
1226 643 1284 694 in
1324 644 1490 695 maria
1531 644 1700 696 solem
1731 643 1886 697 obru-

216 718 435 779 tumque
470 710 624 779 aquis
660 710 843 779 ignem
868 727 978 763 non
1022 712 1138 763 sine
1176 711 1409 782 quodam
1439 711 1710 782 sacrilegii
1741 720 1889 765 metu

220 786 272 830 et
302 779 523 831 horrore
560 778 860 848 deprendit.
1606 786 1612 791 '

147 858 202 901 13
362 847 470 900 Sed
499 854 612 898 tota
647 851 996 901 certaminum
1031 849 1199 902 moles
1236 866 1357 901 cum
1385 849 1661 902 Lusitanis
1696 850 1800 902 fuit
1834 857 1888 902 et

218 916 581 969 Numantinis.
635 933 737 968 nec
771 918 1037 971 inmerito.
1102 919 1298 1000 quippe
1345 918 1473 972 solis
1514 920 1755 988 gentium
1789 918 1886 970 Hi-
1902 939 1942 973 ιο

220 1005 244 1038 s
285 987 439 1037 aniae
472 985 634 1037 duces
667 987 1024 1055 contigerunt.
1060 986 1259 1051 ‚fu1sset
1287 994 1477 1039 etcum
1502 986 1747 1040 omnibus
1771 987 1889 1039 Cel—

217 1057 261 1107 ti
303 1056 423 1121 eris,
460 1055 568 1105 nisi
605 1054 718 1106 dux
750 1054 897 1106 illius
933 1062 1109 1107 motus
1146 1056 1299 1106 initio
1341 1055 1475 1107 belli
1508 1057 1567 1107 vi
1602 1074 1632 1107 o
1670 1073 1888 1125 pressus

151 1127 204 1167 14
222 1131 377 1190 esset,
409 1140 647 1174 summae
678 1123 763 1175 vir
792 1123 1066 1189 audaciae,
1098 1125 1144 1175 si
1168 1125 1534 1193 processisset,
1572 1123 1620 1177 O
1642 1123 1887 1194 yndicuS,

220 1194 312 1274 qui
339 1192 550 1243 hastam
577 1199 890 1261 argenteam
917 1194 1162 1263 quatiens
1192 1194 1346 1262 quasi
1377 1192 1527 1244 caelo
1557 1193 1778 1245 missam
1796 1211 1888 1246 va-

215 1262 463 1313 ticinanti
493 1261 683 1313 similis
725 1262 961 1313 omnium
985 1262 1043 1313 in
1075 1280 1132 1314 se
1163 1268 1367 1314 mentes
1401 1268 1758 1314 converterat.
1807 1268 1887 1314 set
1902 1281 1945 1316 ιε

218 1348 340 1382 cum
373 1330 494 1401 pari
528 1333 828 1382 temeritate
859 1330 958 1383 sub
995 1338 1153 1383 nocte
1189 1335 1367 1382 castra
1404 1331 1639 1383 consulis
1670 1331 1888 1398 adisset,

149 1409 202 1452 15
218 1401 371 1452 iuxta
408 1400 697 1451 tentorium
732 1400 909 1469 ipsum
942 1399 1053 1469 pilo
1091 1399 1272 1468 vigilis
1310 1407 1567 1470 exceptus
1599 1406 1697 1451 est.
1752 1406 1889 1452 cete·
1957 1400 1960 1402 “

218 1487 336 1520 rum
354 1469 644 1520 Lusitanos
662 1466 904 1520 Viriatus
926 1470 1114 1535 erexit,
1145 1469 1231 1520 vir
1251 1467 1557 1522 calliditatis
1578 1469 1887 1521 acerrimae.

220 1539 312 1608 qui
355 1556 426 1589 ex
458 1544 716 1589 venatore
765 1537 929 1604 latro,
980 1555 1051 1589 ex
1084 1537 1291 1589 latrone
1340 1537 1515 1590 subito
1562 1538 1675 1590 dux
1715 1537 1890 1607 adque
2002 1588 2007 1592 .

218 1608 508 1676 imperator
545 1613 612 1672 et,
650 1607 696 1657 si
731 1605 948 1658 fortuna
978 1609 1241 1673 cessisset,
1278 1605 1576 1677 Hispaniae
1611 1606 1887 1673 Romulus,
1905 1624 1947 1658 20
1996 1632 2002 1666 ς

217 1692 327 1728 non
362 1682 642 1727 contentus
680 1674 984 1727 libertatem
1025 1693 1242 1728 suorum
1278 1675 1586 1742 defendere,
1615 1693 1712 1744 per
1741 1682 1890 1745 quat·
1996 1677 1998 1685 '

216 1744 516 1798 tuordecim
546 1760 715 1796 annos
753 1745 932 1797 omnia
967 1745 1102 1796 citra
1134 1744 1380 1815 ultraque
1409 1744 1675 1796 Hiberum
1706 1750 1759 1795 et
1788 1743 1890 1795 Ta-

150 1830 202 1872 16
218 1832 347 1883 gum
385 1814 503 1883 igni
537 1813 791 1883 ferroque
826 1813 1137 1883 populatus,
1178 1821 1354 1865 castra
1390 1814 1550 1866 etiam
1585 1819 1892 1882 praetorum

220 1891 272 1935 et
305 1881 578 1953 praesidia
604 1882 911 1951 adgressus,
951 1881 1238 1934 Claudium
1271 1882 1600 1951 Vnimanum
1620 1899 1791 1951 paene
1821 1881 1892 1933 ad
2004 1924 2006 1938 ,

218 1952 627 2004 internicionem
660 1953 928 2003 exercitus
970 1951 1164 2004 cecidit
1214 1958 1267 2003 et
1312 1952 1549 2020 insignia
1595 1950 1796 2002 trabeis
1836 1957 1888 2002 et
1904 1971 1946 2004 25
2000 1975 2005 2004 «ς

219 2020 458 2073 fascibus
488 2023 686 2072 nostris
716 2038 853 2090 quae
890 2038 949 2072 ce
991 2028 1105 2073 erat
1139 2022 1197 2072 in
1224 2020 1492 2072 montibus
1524 2021 1633 2072 suis
1668 2027 1891 2089 tropaea
2003 2023 2005 2027 ’

149 2101 201 2142 17
218 2090 355 2142 fixit.
387 2090 606 2142 tandem
635 2107 756 2141 eum
784 2091 893 2141 iam
973 2089 1127 2141 abius
1152 2090 1422 2141 Maximus
1453 2089 1642 2141 consul
1674 2105 1890 2169 oppres-

222 2166 389 2226 serat3
438 2159 535 2211 sed
580 2176 613 2209 a
664 2175 972 2211 successore
1018 2158 1229 2228 Popilio
1277 2157 1483 2210 violata
1526 2158 1756 2210 victorla
1791 2164 1887 2208 est.

220 2230 415 2299 quippe
449 2229 540 2298 qui
566 2227 929 2280 conficiendas
966 2228 1045 2279 rei
1074 2227 1315 2297 cupiduS,
1349 2226 1582 2279 fractum
1617 2226 1807 2278 ducem
1839 2233 1891 2277 et

220 2305 462 2349 extrema
497 2296 788 2349 deditionis
825 2299 1121 2366 agitantem
1154 2314 1252 2366 per
1288 2295 1534 2348 fraudem
1571 2302 1623 2346 et
1664 2295 1887 2347 insidias
1902 2313 1945 2346 30

221 2374 273 2417 et
292 2366 612 2418 domesticos
632 2383 976 2434 percussores
1006 2365 1314 2434 adgressus,
1347 2365 1486 2417 hanc
1503 2364 1645 2417 hosti
1661 2363 1889 2432 gloriam

221 2434 385 2501 dedit,
420 2442 480 2486 ut
519 2435 798 2486 videretur
834 2434 991 2487 aliter
1027 2436 1172 2486 vinci
1207 2452 1317 2487 non
1352 2451 1527 2504 posse.

441 2544 748 2596 XXXIIII.
801 2544 1110 2596 BELLVM
1150 2543 1677 2597 NVMANTINVM.

102 2655 164 2709 11,
180 2642 246 2695 18
357 2642 651 2695 Numantia
680 2650 935 2724 quantum
968 2641 1327 2710 CarthaginiS,
1370 2641 1601 2711 Capuae,
1643 2639 1889 2692 Corinthi

219 2711 409 2782 opibus
438 2713 677 2779 inferior,
704 2719 780 2763 1ta
802 2712 1017 2764 virtutis
1047 2713 1263 2763 nomine
1289 2718 1340 2763 et
1363 2710 1564 2762 honore
1591 2726 1689 2778 par
1718 2709 1884 2760 omni·
1900 2725 1944 2760 3.

218 2781 335 2846 bus,
374 2799 766 2850 summumque,
805 2782 851 2832 si
878 2797 1009 2832 vero
1049 2780 1298 2831 aestimes
1315 2820 1329 2845 ,
1365 2778 1662 2848 Hispaniae
1702 2777 1883 2829 decus.

175 2850 414 2918 2quippe
453 2868 589 2920 quae
637 2851 752 2902 sine
798 2866 949 2901 muro
960 2889 976 2916 ,
1030 2850 1145 2901 sine
1180 2847 1416 2901 turribus
1426 2888 1441 2916 ,
1492 2846 1701 2899 modice
1743 2846 1886 2898 edito
