2020 3168
560 176 604 243 Ι,
634 179 710 228 17.
738 177 799 228 18
821 174 876 248 [1‚
898 177 1123 228 24-26,
1151 189 1212 242 11,
1238 179 1281 227 1.
1305 175 1375 248 2].
1736 180 1802 230 23

343 313 558 367 XVIII.
585 312 895 366 BELLVM
917 311 1260 366 PVNICVM
1278 267 1593 366 PRMVM.

157 507 159 510 Α
270 451 491 506 Domita
521 451 851 523 subactaque
878 449 1041 503 Italia
1067 449 1300 520 populus
1324 449 1599 504 Romanus
1669 469 1799 533 rope
1809 472 1872 527 11,
1906 502 1920 515 ,

127 521 659 594 quingentensimum
676 538 877 573 annum
894 537 1079 589 agenS,
1100 537 1223 572 cum
1248 519 1393 573 bona
1411 518 1518 572 fide
1531 519 1635 574 ado
1661 539 1799 573 evis-

133 598 240 658 set,
267 591 315 643 si
339 590 485 661 quod
504 596 586 642 est
601 589 793 656 robur,
828 590 875 642 si
895 606 1002 670 qua
1019 590 1295 656 iuventas,
1325 595 1440 640 tum
1458 588 1551 642 ille
1570 608 1700 643 vere
1718 608 1801 643 ro-

99 660 329 713 zbustus
365 665 418 710 et
444 658 657 710 iuvenis
684 675 786 738 par
815 657 936 710 orbi
961 664 1228 710 terrarum
1258 675 1377 710 esse
1406 660 1600 728 coepit.
1640 660 1716 711 ita
1732 691 1804 700 —-
1822 675 1849 714 2

60 756 64 759 >
130 730 325 781 mirmn
360 733 414 778 et
439 725 758 779 incredibile
787 725 936 778 dictu
950 754 1024 765 ——
1044 727 1138 796 qui
1206 743 1265 778 ro
1308 744 1336 778 e
1367 728 1676 796 quingentis
1714 747 1804 780 an-

130 798 215 857 nis
249 796 394 849 domi
432 794 665 848 luctatus
707 801 790 847 est
814 825 887 835 —-
920 793 1055 846 adeo
1127 795 1138 805 '
1167 795 1253 846 hc‘
1281 812 1309 846 e
1339 794 1517 847 fuerat
1548 796 1678 848 dare
1699 797 1806 848 Ita-

130 866 237 918 liae
268 871 430 936 caput
452 895 526 905 ——
554 863 640 916 his
674 863 920 916 ducentis
951 864 1107 915 annis
1138 864 1231 934 qui
1261 871 1516 916 secuntur
1542 864 1803 933 Africam,

130 934 434 1004 Europam,
462 933 677 1000 Asiam,
706 939 879 986 totum
898 932 1132 1003 denique
1155 931 1342 985 orbem
1360 939 1627 986 terrarum
1645 934 1804 987 bellis

71 1026 117 1060 ιο
129 1004 481 1073 victoriisque
499 1003 829 1083 peragravit.

270 1071 447 1141 Igitur
472 1078 648 1124 victor
675 1070 867 1123 Italiae
893 1071 1125 1153 populus
1145 1071 1421 1125 Romanus
1452 1089 1573 1123 cum
1602 1071 1673 1125 ad
1698 1072 1801 1124 fre·
1814 1072 1924 1139 11,2

129 1149 246 1194 tum
274 1158 447 1211 usque
475 1142 741 1208 venisset,
777 1158 926 1193 more
959 1142 1127 1210 ignis,
1160 1142 1253 1212 qui
1275 1148 1496 1192 cunctas
1516 1141 1804 1211 populatus

130 1209 379 1263 incendio
411 1209 578 1262 silvas
605 1210 1000 1263 interveniente
1028 1209 1249 1263 flumine
1278 1209 1640 1280 abrumpitur,
1673 1229 1803 1281 pau-

130 1279 297 1349 lisper
317 1279 575 1331 substitit.
609 1296 740 1331 mox
757 1296 881 1331 cum
894 1278 1106 1332 videret
1124 1278 1588 1349 opulentissimam
1603 1280 1660 1332 in
1679 1298 1800 1350 pro·
1818 1299 1846 1338 2

75 1371 117 1405 15
131 1350 278 1401 ximo
308 1347 569 1417 praedam
601 1347 835 1418 quodam
862 1347 1021 1401 modo
1041 1348 1233 1400 Italiae
1263 1366 1392 1400 suae
1421 1347 1721 1401 abscissam
1751 1357 1803 1402 et

21 1430 32 1467 ῑ
130 1417 286 1488 quasi
302 1415 597 1483 revolsam‚
630 1416 766 1469 adeo
787 1417 1082 1486 cupiditate
1103 1418 1218 1468 eius
1240 1417 1468 1483 exarsit,
1498 1425 1584 1484 ut,
1655 1425 1802 1470 uate·
1871 1434 1874 1436 “

127 1504 231 1538 nus
251 1503 352 1538 nec
373 1485 515 1538 mole
533 1486 688 1555 iungi
715 1503 816 1538 nec
840 1485 1097 1556 pontibus
1116 1493 1326 1556 posset,
1364 1486 1528 1537 armis
1547 1486 1639 1539 bel
1664 1505 1693 1539 o
1734 1506 1802 1539 ue

129 1555 403 1624 iungenda
424 1562 475 1607 et
494 1554 565 1607 ad
585 1556 948 1608 continentem
967 1573 1120 1607 suam
1148 1554 1458 1608 revocanda
1487 1554 1633 1609 bello
1654 1558 1710 1608 vi
1751 1574 1800 1608 e-

129 1632 233 1677 tur.
291 1624 388 1677 sed
418 1641 568 1691 eece,
605 1624 748 1678 ultro
779 1625 914 1694 ipsis
942 1625 1089 1677 viam
1116 1623 1479 1695 pandentibus
1510 1624 1666 1692 fatis,
1703 1643 1804 1678 nec
1822 1633 1849 1676 3

72 1717 117 1750 20
133 1694 344 1746 occasio
375 1693 574 1760 defuit,
610 1711 733 1746 cum
763 1693 831 1746 de
858 1693 1165 1747 Poenorum
1190 1694 1248 1746 in
1288 1694 1491 1747 otentia
1526 1694 1804 1747 foederata

129 1762 347 1816 Siciliae
372 1764 563 1815 civitas
582 1763 838 1817 Messana
892 1770 1186 1817 uereretur.
1216 1782 1248 1815 a
1289 1762 1527 1816 fectabat
1546 1771 1726 1817 autem
1743 1772 1804 1816 ut

130 1833 405 1885 Romanus
424 1833 502 1884 ita
519 1832 735 1885 Poenus
755 1831 863 1885 Sic·
894 1835 1014 1901 ‘am,
1037 1839 1089 1886 et
1110 1833 1300 1887 eodem
1316 1839 1558 1902 tempore
1576 1834 1800 1904 paribus
1819 1894 1821 1897 .

128 1909 355 1982 uterque
374 1901 516 1954 votis
535 1919 601 1955 ac
619 1901 830 1954 viribus
851 1903 1137 1972 imperium
1156 1902 1303 1956 orbis
1335 1901 1594 1971 agitabat.
1633 1904 1800 1972 igitur
1816 1914 1846 1954 4

129 1988 311 2040 specle
360 1970 579 2040 quidem
628 1972 804 2024 socios
855 1972 1106 2039 iuvandi,
1152 1991 1212 2024 re
1259 1978 1440 2025 autem
1476 1971 1803 2025 sollicitante

72 2060 118 2093 25
130 2039 357 2120 praeda,
379 2057 704 2110 quamquam
721 2042 993 2094 territaret
1015 2042 1229 2094 novitas
1249 2042 1345 2108 rei,
1365 2048 1547 2093 tamen
1563 2073 1636 2082 —-
1652 2049 1803 2094 tanta

126 2127 188 2160 in
205 2109 406 2162 virtute
422 2108 622 2162 fiducia
646 2117 728 2162 est
748 2142 822 2151 ——
839 2110 932 2163 ille
952 2110 1103 2164 rudis
1116 2150 1130 2177 ,
1161 2110 1254 2162 ille
1280 2112 1550 2180 pastorius
1568 2111 1801 2181 populus

128 2196 364 2248 vereque
389 2186 645 2231 terrester
675 2180 911 2233 ostendit
932 2179 1069 2232 nihil
1086 2182 1348 2233 interesse
1377 2180 1619 2246 virtutis»,
1648 2181 1800 2251 equis

130 2265 201 2299 an
219 2247 466 2315 navibus,
489 2256 633 2300 terra
651 2267 722 2300 an
746 2251 883 2301 mari
906 2247 1267 2302 dimicaretur.
1751 2285 1753 2288 -

271 2318 451 2388 Appio
466 2317 693 2371 Claudio
714 2319 933 2372 consule
952 2321 1185 2389 primum
1204 2318 1402 2370 fretum
1419 2319 1696 2388 ingressus
1716 2325 1798 2371 est
1816 2335 1843 2375 5

75 2410 118 2445 30
132 2387 397 2441 fabulosis
418 2387 619 2439 infame
643 2389 896 2441 monstris
916 2397 1174 2458 aestuque
1197 2386 1515 2454 violentum,
1547 2387 1645 2439 sed
1663 2387 1798 2440 adeo

130 2476 241 2511 non
272 2464 353 2510 est
384 2458 696 2523 exterrituS,
718 2466 778 2509 ut
805 2458 955 2509 illam
972 2459 1145 2528 ipsam
1166 2458 1369 2508 ruentis
1389 2464 1569 2509 aestus
1594 2456 1798 2509 violen-

129 2529 262 2579 tiam
289 2544 388 2596 pro
419 2544 641 2578 munere
662 2527 1096 2596 amplecteretur,
1128 2526 1273 2596 quod
1290 2525 1548 2579 velocitas
1577 2527 1797 2577 navium
1813 2543 1845 2585 6

130 2598 267 2648 mari
285 2597 587 2662 iuvaretur,
620 2597 906 2666 statimque
926 2615 989 2648 ac
1010 2598 1126 2648 sine
1154 2613 1305 2648 mora
1324 2595 1617 2648 Hieronem
1636 2593 1794 2664 Syra-

132 2683 392 2717 cusanum
417 2672 569 2716 tanta
597 2664 870 2717 celeritate
888 2666 1115 2732 devicit,
1146 2673 1206 2716 ut
1226 2664 1317 2716 ille
1337 2666 1453 2734 ipse
1471 2665 1619 2735 prius
1642 2682 1699 2715 se
1718 2665 1797 2715 vi-

75 2757 120 2791 35
136 2742 280 2787 ctum
299 2752 459 2804 quam
476 2734 684 2786 hostem
702 2734 911 2786 videret
929 2735 1203 2787 fateretur.
1772 2743 1775 2745 ’

271 2802 478 2856 Duillio
500 2802 858 2872 Cornelioque
877 2803 1186 2856 consulibus
1208 2804 1368 2854 etiam
1385 2803 1521 2854 mari
1537 2802 1794 2871 congredi
1809 2817 1834 2857 7

129 2890 296 2925 ausus
317 2879 413 2925 est.
457 2880 571 2924 tum
590 2870 808 2942 quidem
827 2872 947 2942 ipsa
974 2872 1232 2925 velocitas
1254 2870 1442 2923 elassis
1468 2878 1793 2941 conparatae
