2020 3168
751 207 823 274 11,
861 208 920 258 13
943 205 1066 278 [1111,
1089 206 1159 278 2]-
1235 225 1246 270 χ
1718 209 1783 260 83

120 365 254 414 una,
336 363 437 398 uae
485 346 831 414 Opiterginos
878 344 1112 409 ferebat,
1158 345 1213 394 in
1262 342 1418 394 vadis
1468 344 1642 395 haesit
1677 363 1784 396 me-

119 435 307 472 moran
344 433 541 484 umque
586 415 818 484 posteris
856 411 1160 482 exemplum
1208 412 1372 464 dedit.
1448 414 1644 483 quippe
1689 415 1787 465 vix

117 485 265 541 mille
310 486 566 537 iuvenum
609 500 798 535 manus
852 481 1164 534 circumfusi
1218 481 1456 550 undique
1515 483 1784 534 exercitus

117 574 216 627 per
254 560 425 606 totum
459 553 601 604 diem
645 553 755 604 tela
790 551 1068 617 sustinuit,
1117 558 1169 602 et
1217 568 1337 601 cum
1373 551 1576 602 exitum
1611 553 1784 603 virtus

65 641 85 672 ⁵
117 643 227 678 non
274 621 524 688 haberet,
570 620 790 673 tandem
834 638 903 672 ne
951 621 1008 672 in
1044 620 1371 672 deditionem
1404 621 1617 671 veniret
1665 621 1785 672 hor-

116 701 265 746 tante
299 692 516 744 tribuno
560 690 778 742 Vulteio
815 690 1016 741 mutuis
1054 688 1252 740 ictibus
1290 689 1431 739 inter
1469 707 1526 740 se
1565 707 1785 741 concur-

36 784 40 788 ·
116 765 205 815 rit.
279 762 336 812 in
370 759 563 812 Africa
599 775 810 827 quoque
841 775 941 827 par
977 764 1030 808 et
1063 759 1237 808 virtus
1272 765 1324 808 et
1361 758 1639 809 calamitas
1679 758 1782 810 Cu·
1801 766 1857 807 34

116 830 285 884 rionis
333 828 462 894 fuit,
523 827 615 896 qui
661 826 732 878 ad
774 826 1140 896 recipiendam
1194 826 1533 895 provinciam
1587 828 1785 878 missus

116 899 272 972 pulso
319 897 612 967 fugatoque
648 895 795 947 Varo
842 913 905 946 su
945 893 1104 946 erbus
1159 893 1394 945 subitum
1429 894 1597 946 Iubae
1639 897 1785 964 regis

62 993 101 1026 10
120 970 414 1023 adventum
459 967 754 1035 equitatum
793 982 861 1016 ue
954 981 1205 1015 aurorum
1249 964 1515 1015 sustinere
1552 982 1660 1017 non
1694 983 1786 1034 po-

115 1039 234 1091 tuit.
306 1035 527 1106 patebat
571 1035 715 1086 victo
777 1051 908 1102 uga3
959 1032 1055 1084 sed
1088 1032 1262 1102 pudor
1298 1034 1491 1100 suasit,
1538 1041 1597 1085 ut
1630 1035 1786 1085 amis-

120 1126 238 1160 sum
273 1123 370 1157 sua
402 1104 701 1156 temeritate
745 1103 1041 1154 exercitum
1075 1109 1244 1154 morte
1283 1110 1611 1171 sequeretur.

260 1174 369 1227 Sed
412 1175 520 1226 iam
568 1171 808 1235 debitum
851 1189 951 1240 par
999 1171 1241 1222 Fortuna
1281 1170 1559 1239 flagitante
1603 1173 1785 1224 sedem
1801 1185 1857 1227 35

118 1244 263 1297 bello
292 1243 582 1312 Pompeius
614 1240 823 1310 Epiron
860 1240 1126 1309 elegerat3
1161 1257 1263 1292 nec
1304 1239 1506 1292 Caesar
1541 1241 1785 1294 moraba-

64 1337 104 1370 15
121 1322 226 1366 tur.
310 1313 400 1382 qui
439 1328 507 1380 pe
545 1310 805 1361 ordinatis
851 1327 884 1360 a
917 1316 1069 1378 tergo
1108 1309 1380 1376 omnibuS,
1426 1312 1671 1380 quamvis
1708 1311 1786 1363 hi·
1804 1320 1859 1362 36

120 1400 269 1452 emps
315 1331 494 1432 megia
530 1378 840 1448 prohiberet
882 1385 1225 1447 tempestate,
1274 1378 1345 1430 ad
1388 1378 1591 1431 bellum
1637 1381 1787 1432 navi-

119 1452 295 1521 gavit3
382 1449 638 1528 ositisque
684 1446 755 1498 ad
788 1446 1010 1499 Oricum
1047 1448 1267 1515 castris,
1315 1464 1437 1499 cum
1469 1467 1595 1517 pars
1635 1468 1786 1502 exer·
1803 1462 1857 1504 37

121 1521 259 1572 citus
307 1468 377 1571 οξ
422 1519 511 1569 ino
552 1534 659 1567 1am
703 1517 924 1568 navium
960 1534 1082 1568 cum
1115 1516 1354 1569 Antonio
1393 1517 1583 1569 relicta
1614 1518 1786 1570 Brun-

120 1589 244 1641 disii
272 1605 477 1640 moram
533 1593 734 1652 aceret,
772 1586 907 1637 adeo
944 1587 1214 1655 inpatiens
1254 1591 1382 1653 erat,
1419 1593 1479 1638 ut
1515 1587 1585 1639 ad
1613 1605 1788 1640 arces-

64 1679 105 1712 20
122 1658 318 1710 sendos
357 1657 449 1708 e‘os
486 1655 708 1707 ardente
740 1656 917 1707 ventis
954 1656 1118 1722 mari,
1156 1665 1315 1708 nocte
1351 1655 1628 1724 concubia,
1671 1676 1787 1727 spe·
1821 1676 1826 1682 ·

120 1727 378 1779 culatorio
408 1725 627 1793 navigio
669 1724 814 1777 solus
851 1725 930 1776 ire
963 1726 1326 1794 temptaverit.
1403 1732 1551 1777 extat
1592 1726 1662 1778 ad
1683 1735 1789 1779 tre-

117 1796 304 1867 pidum
329 1802 478 1846 tanto
509 1794 816 1845 discrimine
844 1793 1261 1863 gubernatorem
1292 1812 1406 1846 vox
1439 1796 1610 1864 ipsius
1631 1795 1787 1848 ‘an-

122 1883 295 1917 sarem
340 1863 534 1915 vehis?
619 1863 907 1915 contractis
954 1864 1012 1914 in
1050 1882 1218 1915 unum
1261 1864 1501 1934 undique
1538 1865 1784 1917 omnibus
1805 1882 1860 1924 38

120 1935 289 2004 copiis
326 1933 625 2003 positisque
660 1932 954 1984 comminus
1002 1934 1193 1985 castris
1243 1933 1461 1985 diversa
1508 1942 1660 1986 erant
1697 1935 1790 1986 du-

63 2028 105 2061 25
122 2022 243 2056 cum
275 2002 515 2056 consilia.
592 2000 795 2053 Caesar
839 2018 937 2070 pro
974 2009 1168 2053 natura
1211 2002 1369 2054 ferox
1407 2010 1460 2053 et
1506 2004 1791 2056 conficien-

120 2074 220 2126 dae
255 2073 336 2124 rei
372 2090 438 2123 cu
476 2071 598 2122 idus
629 2077 899 2123 ostentare
929 2071 1114 2137 aciem,
1146 2089 1457 2140 provocare,
1494 2071 1862 2142 lacessere339

117 2160 261 2194 nunc
296 2140 415 2194 obsi
458 2141 577 2192 ‘one
614 2146 926 2205 castrorum,
966 2157 1103 2210 quae
1132 2139 1368 2191 sedecim
1402 2140 1610 2192 milium
1645 2142 1789 2194 vallo

121 2211 422 2264 obduxerat
454 2239 526 2248 ——-
561 2208 658 2260 sed
709 2208 840 2279 quid
884 2210 952 2260 iis
1002 2208 1219 2261 obesset
1266 2208 1502 2275 obsidio,
1562 2212 1654 2280 qui
1697 2229 1789 2280 pa-

118 2287 264 2332 tente
294 2280 431 2330 mari
467 2277 713 2330 omnibus
743 2278 912 2348 copiis
948 2277 1326 2330 abundarent?
1344 2309 1414 2316 —
1437 2297 1579 2330 nunc
1618 2298 1781 2349 expu-
1800 2292 1856 2332 40

64 2371 105 2404 30
121 2350 375 2419 gnatione
422 2346 696 2417 Dyrrachi
739 2348 927 2414 inrita,
974 2349 1171 2417 quippe
1211 2365 1370 2417 quam
1405 2347 1494 2399 vel
1533 2349 1664 2400 situs
1702 2351 1780 2401 in-

122 2416 537 2488 expugnabilem
585 2415 812 2484 faceret3
859 2417 930 2469 ad
975 2416 1077 2469 hoc
1123 2417 1364 2469 adsiduis
1410 2418 1468 2468 in
1505 2419 1783 2487 eruptione

119 2488 354 2540 hostium
384 2485 631 2556 proeliiS,
675 2503 778 2566 quo
813 2494 1053 2556 tempore
1091 2488 1311 2556 egregia
1344 2487 1515 2537 virtus
1557 2485 1784 2539 Scaevo-

92 2558 205 2610 ‘lae
241 2556 570 2608 centurionis
610 2556 850 2622 emlcuit,
899 2557 1051 2607 cuius
1091 2557 1148 2607 in
1187 2564 1336 2608 scuto
1375 2564 1590 2607 centum
1626 2565 1786 2626 atque

121 2627 316 2695 viginti
346 2625 456 2677 tela
492 2623 770 2692 sederunt3
808 2626 915 2676 iam
947 2643 1077 2677 vero
1111 2625 1328 2676 urbium
1362 2625 1660 2694 direptione
1702 2638 1856 2677 so-41

68 2717 109 2750 35
126 2697 343 2761 ciarum,
382 2712 502 2745 cum
528 2692 749 2745 Oricum
784 2701 836 2745 et
856 2694 1131 2764 Gomphos
1166 2701 1217 2745 et
1244 2694 1351 2745 alia
1384 2694 1603 2744 castella
1624 2695 1789 2745 Thes-

125 2764 288 2816 saliae
321 2769 575 2815 vastaret.
651 2762 937 2833 Pompeius
972 2763 1233 2815 adversus
1268 2763 1401 2814 haec
1434 2770 1647 2813 nectere
1680 2781 1787 2814 mo·
1806 2780 1863 2819 42

123 2852 236 2900 ras,
273 2833 660 2901 tergiversari,
706 2833 783 2883 sic
815 2832 1022 2884 hostem
1056 2833 1406 2885 interclusum
1440 2831 1679 2900 undique
1712 2833 1789 2882 in-

125 2904 247 2972 opia
294 2908 682 2954 commeatuum
746 2909 944 2967 terere,
1007 2919 1178 2971 usque
1239 2901 1365 2952 dum
1426 2900 1791 2952 ardentissimi

1491 2970 1565 3020 6*
