2020 3168
612 284 625 295 .
662 216 705 283 Ι,
729 214 1224 288 8-11[13—-16].
1720 222 1781 270 15

110 356 378 423 Valerius,
408 355 679 407 insidente
708 350 899 425 galeae
928 371 1083 406 sacra
1110 354 1239 406 alite
1258 353 1488 421 adiutuS‚
1517 354 1642 407 tulit
1661 372 1780 425 spo-

110 426 212 494 lia;
232 432 286 477 et
308 423 435 477 inde
458 423 697 477 Corvini.
746 441 848 476 nec
874 441 985 475 non
1010 430 1194 475 tamen
1219 430 1343 493 post
1371 423 1445 476 ali
1482 431 1576 475 uot
1605 442 1774 477 annos
1792 438 1847 479 21

114 495 286 549 omnis
315 492 418 545 reli
455 494 573 546 uias
604 511 788 546 eorum
814 493 873 545 in
899 492 1123 544 Etruria
1153 491 1225 544 ad
1253 491 1431 544 lacum
1513 492 1782 546 adimonis

109 561 402 617 Dolabella
459 561 637 630 elevit,
656 580 725 615 ne
779 563 864 614 uis
885 568 1097 625 extaret
1116 579 1187 614 ex
1206 578 1271 613 ea
1289 569 1468 632 gente,
1490 563 1583 633 qui
1601 563 1783 615 incen-

8 673 14 693 ,
75 652 95 685 5
112 651 227 686 sam
243 650 276 684 a
299 650 356 684 se
376 632 679 684 Romanam
696 581 887 684 urffiem
904 630 1247 701 gloriaretur.

470 741 659 794 VHII.
708 740 1019 794 BELLVM
1053 740 1414 793 LATINVM.

255 839 563 894 Conversus
582 857 616 890 a
636 837 812 892 Gallis
831 841 890 891 in
908 838 1136 890 Latinos
1155 837 1362 891 Manlio
1385 838 1659 909 Torquato
1678 840 1787 893 De-
1806 842 1877 898 14

8 919 22 982 ζ’.
111 913 194 964 cio
205 909 361 963 Mure
381 908 709 975 consulibuS‚
730 926 942 978 semper
961 907 1178 979 quidem
1194 906 1553 960 aemulatione
1576 909 1789 980 imperii

17 1001 21 1047 ς
109 980 354 1046 infestOS,
375 986 491 1032 tum
509 995 640 1031 vero
671 985 980 1048 contemptu
996 976 1147 1030 urbis
1174 979 1442 1044 incensae,
1467 995 1588 1030 cum
1608 979 1691 1030 ius
1719 981 1789 1030 ci-

10 1044 21 1086 ?
58 1069 99 1104 10
113 1050 297 1103 vitatis
325 1050 447 1119 pari
479 1048 706 1118 imperio
747 1054 801 1100 et
837 1048 1159 1116 magistratu
1186 1054 1487 1117 poscerent,
1528 1056 1658 1117 aput
1691 1048 1790 1102 Oa·

110 1136 272 1190 puam
291 1117 514 1188 proeliis
534 1116 793 1186 congredi
812 1117 1090 1170 audentes.
1131 1135 1236 1186 quo
1256 1124 1498 1186 tempore
1528 1118 1647 1187 quis
1679 1136 1790 1170 ces·
1807 1131 1837 1169 2

6 1138 32 1243 f
113 1190 248 1241 sisse
267 1187 476 1245 hostem
492 1185 777 1240 mirabitur
790 1186 817 1237 *Ρ
839 1203 960 1239 cum
979 1185 1116 1238 alter
1135 1185 1416 1239 consulum
1434 1186 1606 1238 filium
1621 1206 1789 1253 suum,

113 1258 240 1328 quia
258 1263 445 1309 contra
460 1256 746 1326 imperium
761 1263 1114 1325 pugnaverat,
1147 1257 1392 1326 quamvis
1421 1257 1683 1309 victorem
1702 1275 1788 1309 oc-

0 1324 32 1394 ξς
112 1325 305 1378 ciderit
320 1324 721 1394 ostenderitque
738 1325 860 1394 plus
885 1343 1006 1377 esse
1035 1325 1094 1376 in
1119 1326 1344 1395 imperio
1365 1343 1526 1395 quam
1542 1329 1599 1378 in
1616 1328 1785 1379 victo-
1806 1343 1837 1384 3

0 1394 27 1455 j‘t'
56 1409 98 1443 15
110 1396 220 1462 ria3
237 1394 375 1446 alter
393 1395 547 1464 quasi
565 1393 771 1445 monitu
783 1394 1005 1446 deorum
1023 1395 1199 1463 capite
1217 1393 1396 1446 velato
1454 1396 1645 1447 rimam
1664 1403 1789 1448 ante

112 1464 283 1516 aciem
311 1463 394 1516 dis
422 1462 671 1515 manibus
704 1480 762 1514 se
792 1463 1091 1528 devoverit,
1122 1470 1181 1514 ut
1208 1464 1397 1515 inaecon
1424 1465 1696 1516 ertissima
1729 1483 1787 1517 se

14 1549 25 1558 ·’
111 1532 344 1586 hostium
360 1531 470 1584 tela
487 1531 751 1584 iaculatus
771 1550 973 1585 novum
991 1532 1062 1584 ad
1078 1533 1364 1585 victoriam
1381 1534 1485 1586 iter
1507 1535 1791 1603 sanguinis

25 1610 28 1612 ’
113 1603 195 1654 sui
212 1601 381 1654 limite
400 1602 650 1671 aperiret.

544 1711 618 1763 X.
664 1711 974 1764 BELLVM
1002 1710 1351 1764 SABINVM.

58 1829 100 1863 20
254 1811 306 1862 A
323 1810 533 1862 Latinis
555 1809 846 1879 adgressus
868 1817 950 1862 est
968 1818 1185 1878 gentem
1209 1808 1549 1878 Sabinorum,
1582 1812 1673 1880 qui
1693 1813 1788 1863 im-
1806 1818 1877 1871 15

113 1896 376 1932 memores
396 1879 573 1932 factae
593 1879 692 1931 sub
712 1879 835 1931 Tito
857 1879 1015 1931 Tatio
1035 1879 1329 1932 adfinitatis
1386 1879 1585 1933 uodam
1606 1888 1788 1932 conta-

113 1949 204 2017 gio
233 1947 393 2001 bellis
430 1966 489 2001 se
517 1949 730 2000 Latinis
762 1948 1172 2000 adiuncxerant.
1224 1950 1321 2003 sed
1397 1950 1519 2002 urio
1545 1949 1788 2003 Dentato
1809 1962 1835 2000 2

115 2017 335 2070 consule
354 2035 567 2070 omnem
588 2036 710 2070 eum
727 2026 972 2083 tractum,
1007 2035 1114 2089 qua
1130 2017 1260 2084 Nar,
1289 2021 1450 2086 Anio,
1484 2019 1662 2072 fontes
1684 2019 1792 2071 Ve-

114 2086 239 2154 lini,
277 2086 558 2140 Hadriano
587 2094 742 2139 tenus
772 2089 907 2139 mari
940 2089 1056 2156 igni
1091 2087 1342 2158 ferroque
1368 2090 1623 2142 vastavit.
1687 2106 1792 2159 qua
1811 2103 1838 2144 3

61 2173 103 2207 25
118 2157 348 2210 victoria
369 2163 579 2208 tantum
595 2155 885 2224 hominum,
913 2164 1123 2209 tantum
1142 2174 1396 2226 agrorum
1413 2158 1691 2210 redactum
1713 2166 1794 2210 est

115 2227 174 2277 in
189 2233 526 2296 potestatem,
550 2234 610 2279 ut
638 2229 697 2279 in
727 2235 847 2280 utro
866 2226 988 2296 plus
1013 2234 1156 2278 esset
1175 2244 1276 2279 nec
1295 2229 1412 2298 ipse
1429 2235 1613 2298 posset
1632 2228 1791 2280 aesti-

117 2313 264 2348 mare
284 2297 376 2366 qui
394 2296 616 2349 vicerat.

461 2408 564 2462 XI.
615 2408 923 2463 BELLVM
960 2405 1454 2461 SAMNITICVM.

258 2506 518 2560 Precibus
546 2506 741 2559 deinde
763 2506 1092 2576 Campaniae
1120 2512 1295 2558 motus
1324 2521 1434 2556 non
1495 2520 1557 2555 ro
1589 2520 1661 2569 se,
1693 2500 1793 2553 sed
1807 2503 1875 2556 16

64 2588 106 2624 ³0
119 2593 181 2628 eo
196 2578 490 2647 speciosius
500 2594 599 2647 pro
618 2577 777 2629 sociis
790 2575 1057 2630 Samnitas
1077 2574 1303 2629 invadit.
1328 2580 1444 2626 erat
1487 2571 1652 2626 oedus
1674 2589 1795 2646 cum
1813 2589 1838 2628 2

118 2647 361 2718 utrisque
389 2664 719 2718 percussum,
752 2646 848 2699 sed
875 2645 977 2700 hoc
1010 2646 1273 2716 Campani
1304 2643 1540 2696 sanctius
1569 2649 1622 2694 et
1642 2642 1794 2711 prius

24 2727 38 2788 ⁵.
120 2716 356 2769 omnium
385 2735 602 2770 suorum
637 2715 909 2769 deditione
939 2717 1210 2782 fecerunt3
1248 2715 1327 2766 sic
1359 2729 1488 2782 ergo
1518 2711 1795 2763 Romanus

20 2800 32 2842 ,ρ
117 2782 322 2837 bellum
341 2785 690 2839 Samniticum
709 2792 983 2855 tamquam
1003 2784 1107 2838 sibi
1126 2785 1312 2854 gessit.

262 2853 515 2909 Omnium
539 2874 648 2909 non
675 2854 834 2907 modo
853 2855 1060 2922 Italiae,
1096 2854 1193 2907 sed
1223 2861 1336 2906 toto
1370 2851 1501 2904 orbe
1533 2858 1798 2901 terrarum
1816 2860 1842 2901 3

64 2943 108 2977 35
121 2922 482 2992 pulcherrima
513 2926 841 2995 Campaniae
869 2924 1032 2994 plaga
1063 2932 1160 2976 est.
1203 2920 1346 2983 ,nihil
1372 2919 1586 2972 mollius
1619 2918 1789 2971 caelo:
