2020 3168
108 186 264 225 xvm
844 181 1210 230 PRAEFAT10.'-

111 307 315 362 (starent
329 318 399 363 pr.
419 318 494 360 m.‚
519 319 636 350 corr.
655 305 844 362 eadem)
869 310 1020 353 tamen
1042 323 1134 366 pro
1153 310 1370 366 partibus
1398 312 1567 357 inuicta
1591 313 1782 372 fortuna
1802 320 1845 360 et
1862 316 1932 360 ul·

110 375 226 419 toris
242 378 286 419 el
299 375 379 433 qui
392 374 727 422 uindicabatur.
767 375 973 433 primum
992 378 1106 422 adeo
1126 388 1300 435 anceps
1315 378 1422 436 fuit.
1463 385 1517 424 ut
1534 395 1634 438 par
1662 382 1816 442 αἰνᾶς.
1835 383 1930 429 dis-

109 444 286 488 crimen
313 444 464 488 exitus
483 444 654 501 proelii
669 444 833 489 docuit.
875 451 1014 503 capta
1031 451 1138 490 sunt
1151 446 1260 491 hinc
1278 450 1484 492 caesaris
1502 454 1661 502 castra
1681 456 1769 495 etc.
1807 450 1932 497 Seri-

108 512 186 570 psi
218 516 386 562 autem,
400 512 556 556 stabat
579 516 731 557 tamen
754 536 825 545 —
850 536 922 545 —
950 519 1003 559 ut
1029 516 1181 559 exitus
1202 529 1287 573 pr.
1316 516 1468 561 docuit
1495 531 1598 562 cum
1618 518 1846 575 Graev103
1883 521 1931 565 in

109 581 271 627 verbis
302 593 421 638 quae
454 585 707 639 sequuntur
725 580 966 641 Spengelii
994 582 1365 630 emendationem
1394 591 1582 632 secutus
1613 601 1731 632 sum.
1793 587 1829 632 Ο
1862 590 1933 635 sio

108 649 275 695 habet:
296 651 395 694 acie
410 662 607 709 namque
624 651 863 696 commissa
880 665 984 697 cum
1009 676 1068 685 —
1089 675 1162 685 -—
1179 653 1440 699 dimicatum
1454 655 1601 714 foret,
1630 662 1698 712 et,
1726 659 1934 716 quamvis

114 744 179 751 —
199 742 271 751 —
287 718 636 777 subduxissent,
658 724 804 766 staret
827 725 977 767 tamen
984 735 1081 780 pro
1092 723 1307 780 partibus
1323 725 1488 769 invicta
1502 723 1696 783 fortuna
1714 731 1757 770 et
1774 727 1933 771 ultoris
1988 721 2001 730 ⁸

109 793 153 832 el
168 789 248 847 qui
261 788 577 834 vindicabatur
590 824 602 844 ,
629 790 857 847 proelium
877 790 990 836 adeo
1019 802 1194 849 anceps
1222 791 1318 849 fuit
1343 795 1396 836 ut
1401 806 1502 850 par
1521 796 1743 853 utrimque
1769 795 1930 839 discri-
2008 852 2016 858 v·

107 869 213 905 men
235 860 386 903 eoeitus
396 859 571 916 proelii
588 858 814 903 docuerit.-
843 864 981 918 capta
1003 865 1112 905 sunt
1125 860 1235 905 hinc
1251 861 1467 907 Caesaris
1483 867 1640 906 castra
1665 867 1750 907 etc.
1769 887 1839 895 —
1857 866 1928 920 93,

110 934 164 978 12
183 939 348 975 errore
371 927 492 975 dedit
508 927 634 984 (scil.
655 928 861 984 fortuna)
880 929 947 974 B:
967 941 1104 974 error
1123 929 1244 974 dedit
1258 929 1355 975 ΝΟ.
1376 953 1448 962 -
1471 933 1541 986 93,
1563 933 1624 978 34
1639 930 1714 976 hic
1735 943 1785 976 se
1792 933 1932 990 pira-

107 1001 196 1043 tica
215 998 438 1043 tuebatur.
470 996 680 1042 Puteolos
688 996 1124 1058 Bezzenbergerus:
1143 998 1219 1043 liic
1233 1011 1283 1044 se
1290 1001 1498 1057 piratica
1518 1000 1652 1044 turba
1667 1004 1933 1058 turperpu·
2011 1008 2020 1016 '

106 1069 244 1113 teolos
262 1067 298 1112 B
315 1103 327 1123 ‚
348 1067 423 1112 hic
440 1079 489 1112 se
504 1068 668 1125 pirata
687 1066 910 1113 tuebatur.
947 1071 1056 1126 post
1070 1065 1280 1113 Puteolos
1310 1067 1346 1114 Ο
1366 1068 1414 1112 in
1430 1068 1588 1113 adnot.
1609 1084 1680 1102 -’-
1696 1072 1756 1116 94
1768 1104 1779 1124 ,
1800 1073 1828 1117 6
1847 1069 1934 1114 lzoc
2019 1103 2020 1106 η

99 1137 328 1196 putabant
348 1136 383 1182 Ο
406 1141 594 1180 auctore
613 1135 814 1193 Hauptio
835 1135 1115 1182 delevit.‘-
1133 1139 1206 1191 94,
1226 1139 1284 1184 16
1303 1135 1400 1182 Sed
1413 1139 1599 1195 inportu
1622 1129 1656 1202 ff
1667 1149 1826 1182 manes
1843 1152 1928 1181 an-

107 1208 217 1251 tonii
245 1210 288 1250 et
303 1206 686 1264 pompeianorum
718 1205 937 1251 bonorum
963 1219 1157 1266 quorum
1186 1216 1264 1251 sec
1290 1198 1313 1269 ΙΙ
1337 1210 1409 1251 lor
1430 1207 1505 1251 ille
1526 1205 1703 1265 fuerat.
1756 1205 1934 1264 praede

106 1276 331 1321 deuorata
344 1276 571 1333 possessio
595 1268 617 1339 [Ι
643 1286 832 1320 manere
849 1288 940 1321 non
952 1280 1155 1334 poterat.
1173 1275 1210 1320 B
1229 1298 1302 1307 —-
1318 1277 1389 1331 95,
1407 1278 1437 1323 8
1456 1276 1639 1320 tandem
1665 1277 1799 1320 etiam
1826 1286 1909 1320 sae
1929 1302 1931 1305 -

106 1346 257 1390 culum
275 1349 456 1404 terrore
475 1344 679 1391 liberavit
694 1344 759 1388 H:
781 1343 963 1390 tandem
981 1347 1113 1390 etiam
1143 1349 1324 1390 terrore
1341 1347 1520 1401 (terrae
1537 1345 1600 1400 N)
1625 1345 1856 1390 saeculum
1877 1345 1930 1388 li-

106 1414 281 1460 beravit
295 1414 378 1458 BN
392 1449 403 1468 ,
436 1414 617 1459 tandem
645 1415 777 1458 etiam
796 1418 971 1459 terram
993 1419 1036 1459 et
1057 1416 1291 1460 saeculum
1322 1414 1528 1461 liberavit
1558 1413 1594 1460 Ο
1645 1428 1705 1459 ex
1744 1413 1932 1472 Hauptii

107 1484 231 1528 coni.
253 1507 321 1513 —-
340 1485 413 1538 95,
433 1486 492 1530 32
512 1483 778 1529 documenta
786 1481 991 1544 fuissent
1001 1482 1246 1529 Dukerus:
1268 1483 1444 1528 docum.
1458 1481 1683 1541 fecissent
1697 1481 1818 1528 BNO'
1835 1495 1847 1538 ;
1869 1483 1930 1527 cf.

104 1566 151 1610 p.
173 1555 246 1609 24,
261 1555 332 1600 19.
350 1576 419 1583 —
440 1554 510 1607 96,
527 1557 582 1600 16
601 1554 762 1597 montis
781 1552 819 1597 B
838 1565 912 1611 pr.
933 1566 994 1598 m.
1013 1563 1023 1596 :
1044 1558 1216 1599 montes
1232 1550 1270 1596 B
1292 1566 1428 1608 corr„
1449 1551 1548 1599 ΝΟ.
1571 1575 1644 1584 -
1660 1554 1800 1607 96,28
1820 1548 1933 1597 scri-

105 1622 179 1678 psi
210 1622 490 1666 salmacidae
520 1622 805 1682 infestiores,
841 1623 920 1667 ubi
949 1627 1020 1667 est
1047 1622 1092 1667 in
1120 1622 1200 1667 ΝΟ
1230 1621 1492 1666 salmacidis
1511 1622 1680 1680 fluvius
1705 1619 1932 1680 infestior,

109 1705 229 1748 quae
253 1696 324 1736 est
345 1695 506 1749 aperta
531 1688 850 1750 interpolatim
884 1691 997 1749 quid
1025 1693 1073 1736 in
1092 1691 1130 1736 B
1152 1692 1374 1749 seriptum
1394 1691 1556 1747 fuerit,
1578 1691 1842 1749 ignoratur3
1873 1703 1932 1734 ex
1997 1737 1999 1739 .

109 1761 340 1818 scriptura
360 1761 531 1805 veteris
551 1775 717 1806 manus
739 1760 853 1805 nihil
874 1764 1110 1806 servatum
1132 1765 1202 1807 est
1220 1760 1333 1805 nisi:
1358 1755 1455 1805 ¹’tum
1472 1759 1741 1820 quibusdam
1757 1760 1930 1804 salma-

105 1830 236 1874 cidae
255 1822 346 1853 *³³⁶*
364 1829 517 1874 Etiam
537 1830 692 1875 dulces
703 1829 845 1888 fuere
865 1834 952 1875 ete.
978 1854 1035 1861 —
1061 1831 1117 1877 97
1134 1866 1145 1885 ,
1175 1833 1203 1879 7
1223 1832 1326 1875 fort.
1338 1830 1472 1888 petiit
1486 1853 1557 1860 —-
1577 1831 1658 1886 98,
1678 1833 1732 1876 11
1760 1829 1935 1886 recepit

103 1900 178 1957 Ipe
207 1900 370 1957 recipit
387 1899 481 1944 BN.
509 1925 579 1932 —
609 1903 670 1947 98
684 1935 694 1955 ,
717 1903 774 1947 14
789 1901 937 1944 soluta
955 1903 1023 1944 est
1037 1899 1100 1943 N:
1133 1900 1333 1945 resoluta
1353 1904 1421 1943 est
1442 1898 1493 1956 Ip
1514 1899 1619 1943 sort.
1639 1902 1792 1953 recte3
1813 1899 1932 1943 victa

106 1974 173 2013 est
193 1968 243 2011 Β.
277 1993 345 1998 —-
374 1971 458 2023 98,
479 1972 533 2016 27
557 1964 733 2015 Cennos
751 1969 810 2013 BI
826 1980 836 2012 ε
864 1980 1057 2014 scennos
1084 1968 1152 2025 N,
1184 1969 1428 2014 Genaunes
1460 1967 1636 2012 Tollius
1669 1981 1727 2011 ex
1755 1966 1930 2012 Horatii

109 2037 259 2082 Carm.
280 2037 366 2091 IV,
390 2041 445 2084 14
461 2074 471 2091 ,
497 2042 567 2085 10.
586 2063 656 2070 —
676 2041 733 2086 99
747 2073 757 2093 ,
788 2042 817 2084 3
834 2040 1019 2083 saucius
1037 2038 1113 2096 Ip:
1143 2040 1313 2083 sauciis
1331 2036 1425 2082 BN.
1445 2061 1516 2068 -
1543 2040 1650 2091 100,
1671 2039 1701 2082 4
1721 2035 1931 2080 Thraces
2017 2057 2020 2095 i

105 2120 207 2152 cum
228 2112 363 2150 antea
382 2119 522 2165 saepe
537 2143 547 2161 ,
586 2113 677 2152 tum
697 2109 897 2152 maxime
921 2108 986 2151 H:
1017 2120 1119 2152 cum
1147 2121 1238 2152 om.
1258 2107 1339 2151 BN
1355 2142 1366 2162 ,
1396 2105 1605 2151 Thraces
1634 2110 1770 2150 antea
1790 2116 1931 2164 saepe
2013 2100 2020 2154 Ξ

107 2182 151 2221 et
166 2177 366 2220 maxime
390 2176 440 2221 Ο.
470 2201 541 2208 ——
571 2182 668 2233 100,
688 2182 741 2223 15
764 2177 983 2235 reppulit:
1009 2177 1178 2234 repulit
1193 2176 1258 2233 N,
1270 2176 1478 2234 perpulit
1494 2174 1601 2230 1303
1625 2176 1683 2220 cf.
1706 2174 1768 2219 ad
1786 2188 1832 2232 p.
1854 2178 1927 2229 31,
2017 2175 2020 2205 ἶ

109 2251 151 2293 5.
171 2269 242 2276 —
260 2250 359 2301 101,
380 2249 436 2294 27
456 2246 625 2290 lictoris
643 2247 782 2304 viryis
801 2246 906 2290 BN:
940 2247 1041 2291 fort.
1065 2247 1252 2291 lictoriis
1270 2246 1408 2303 viryis
1436 2269 1506 2276 ——
1535 2249 1618 2291 101
1633 2278 1644 2299 ,
1663 2247 1720 2291 36
1745 2243 1929 2302 perdita
2014 2271 2019 2276 -

107 2321 265 2359 castra
284 2314 323 2358 H
342 2325 351 2357 ε
373 2314 516 2372 perdi
531 2319 688 2359 castra
707 2315 743 2359 B
758 2349 769 2371 ‚
779 2315 993 2374 perditas
1011 2327 1089 2360 res
1107 2314 1204 2361 ΝΟ.
1223 2341 1293 2348 —
1315 2318 1415 2371 102,
1436 2316 1490 2361 17
1518 2314 1653 2358 latius
1671 2327 1808 2372 quam
1825 2314 1928 2371 ipsa
2015 2318 2018 2327 ²

105 2385 310 2432 victoria.
350 2382 671 2429 Marmaridas
690 2384 755 2429 B:
787 2386 920 2429 latius
948 2386 1136 2431 victoria
1156 2390 1301 2443 patet.
1347 2382 1669 2428 Marmaridas
1697 2383 1763 2437 N,
1794 2382 1930 2426 latius

106 2467 243 2514 quam
274 2455 479 2500 victoria.
523 2455 708 2512 pariter
734 2453 1057 2499 Marmaridas
1086 2454 1141 2500 Ο.
1185 2454 1246 2498 At
1274 2452 1386 2498 mihi
1418 2451 1605 2512 quIdem
1626 2451 1814 2495 dubium
1835 2463 1927 2495 non
2010 2500 2014 2514 ,

107 2523 315 2579 videtur,
343 2524 452 2581 quin
462 2529 598 2582 patet
614 2524 660 2567 in
680 2524 720 2568 N
742 2524 799 2567 sit
819 2537 997 2568 merum
1018 2525 1268 2582 glossema.
1308 2522 1661 2579 Bezzenbergus
1683 2520 1927 2578 ingeniose
2008 2521 2013 2574 j

109 2593 327 2637 coniecit:
359 2593 480 2637 unde
509 2593 576 2637 illi
596 2592 816 2638 Gaetulici
841 2605 1003 2637 nomen
1032 2594 1206 2638 clarius
1223 2606 1361 2651 quam
1379 2604 1474 2650 pro
1501 2593 1603 2648 ipsa
1631 2590 1832 2637 victoria.
1857 2613 1926 2620 -·

109 2667 208 2718 102,
236 2665 291 2709 18
313 2662 618 2707 Garamantes
636 2661 694 2706 ΒῙ
708 2673 718 2706 :
733 2662 1055 2707 ⁴Garamantas
1072 2662 1169 2707 ΝΟ.
1187 2685 1259 2693 —-—
1284 2666 1384 2715 102,
1403 2664 1457 2708 31
1476 2672 1606 2718 quem
1624 2671 1715 2703 rex
1732 2659 1904 2715 Artaqe

108 2733 175 2775 ris
204 2743 265 2775 ecc
294 2730 486 2776 Parthis
506 2730 814 2789 praefecerat
834 2732 868 2776 Ο
901 2732 1009 2787 (sed
1037 2732 1113 2776 hic
1139 2734 1423 2789 Artayerae;
1452 2735 1497 2774 at
1531 2742 1575 2772 v.
1599 2726 1750 2773 Strab.
1768 2726 1855 2780 XI,
1876 2739 1923 2783 p.

108 2800 216 2854 529)
234 2811 244 2843 ε
273 2813 403 2859 quem
422 2813 512 2845 rex
530 2807 807 2846 artaxerser
830 2801 945 2856 (sio)
972 2801 1157 2859 parthis
1167 2799 1333 2858 praef.
1353 2799 1388 2843 B
1405 2834 1416 2854 ,
1436 2810 1567 2857 quem
1584 2809 1674 2841 rece
1693 2796 1927 2840 artaxatis

99 2868 265 2929 praef.
286 2870 341 2918 N.
398 2870 671 2915 Emendatio
701 2870 791 2914 loci
820 2867 995 2914 incerta
1033 2875 1129 2925 est;
1170 2883 1274 2914 narn
1309 2869 1444 2912 etiam
1475 2868 1522 2911 in
1541 2865 1774 2911 breviario
1796 2863 1924 2910 Sexti
