2020 3168
530 215 573 283 I,
595 209 820 268 34-3'6
845 213 924 286 [11,
949 214 1187 266 18—20.
1209 227 1291 280 111,
1318 213 1384 286 1].
1732 217 1797 264 47

130 371 309 407 rorem
342 383 415 394 —-
453 352 632 404 nefas!
665 383 738 394 ·-—
787 358 955 404 semet
997 351 1113 420 ipse
1165 350 1440 403 laceravit.
1517 366 1653 420 quae
1699 353 1845 401 etsi5

114 424 316 474 iuncta
353 422 494 474 inter
531 439 588 473 se
624 428 748 474 sunt
783 421 963 474 omnia
994 426 1155 490 atque
1188 418 1439 485 confusa,
1476 425 1658 470 tamen
1694 436 1799 487 quo

131 490 322 543 melius
359 497 676 562 appareant,
728 488 887 542 simul
929 495 981 541 et
1015 506 1085 541 ne
1129 487 1335 540 scelera
1378 487 1669 540 virtutibus
1710 486 1799 539 ob-

132 566 397 629 strepant,
439 560 727 630 separatim
753 558 1081 625 referentur,
1117 558 1397 627 priusque,
1423 563 1482 608 ut
1510 557 1800 625 coepimus,

91 629 271 681 5iusta
305 628 401 681 illa
443 636 496 680 et
529 630 622 698 pia
667 645 789 680 cum
834 627 1034 679 exteris
1079 625 1331 695 gentibus
1363 625 1509 678 bella
1541 641 1800 677 memora·

129 697 322 763 bimus,
357 704 418 748 ut
452 696 767 765 magnitudo
805 696 1096 747 crescentis
1133 695 1192 746 in
1234 695 1349 746 dies
1390 694 1604 764 imperii
1638 711 1799 763 appa-

37 783 40 787 ·
128 772 271 832 reat3
316 772 431 817 tum
476 765 548 817 ad
591 764 688 817 illa
733 765 932 816 civium
968 763 1173 815 scelera
1203 770 1494 832 turpesque
1536 769 1589 814 et
1624 763 1801 831 inpias

127 851 337 904 pugnas
371 840 721 887 revertemur.
1578 839 1587 850 “

434 940 676 994 XXXV.
724 940 1033 995 BELLVM
1058 930 1492 994 ASIATICVM.

76 1060 117 1094 ιο
270 1038 430 1091 Victa
458 1039 528 1091 ad
556 1055 806 1092 occasum
833 1037 1099 1108 Hispania
1130 1038 1360 1108 populus
1388 1037 1660 1090 Romanus
1693 1039 1763 1091 ad
1775 1053 1834 1106 11,
1848 1043 1921 1093 20

132 1109 390 1160 orientem
415 1125 605 1189 pacem
634 1107 844 1176 agebat,
875 1125 977 1159 nec
1002 1124 1191 1176 pacem
1217 1108 1393 1174 modo,
1428 1107 1524 1159 sed
1545 1109 1801 1159 inusitata

133 1184 186 1230 et
214 1178 489 1246 incogmta
525 1177 754 1247 quadam
791 1176 1048 1229 felicitate
1083 1176 1304 1228 relictae
1339 1177 1506 1246 regiis
1536 1176 1801 1228 heredita-

130 1245 275 1299 tibus
295 1263 423 1315 opes
454 1253 508 1298 et
535 1254 649 1298 tota
679 1245 903 1298 insemel
930 1262 1099 1314 regna
1122 1244 1430 1297 veniebant.
1468 1245 1682 1297 Attalus
1702 1264 1803 1298 rex
1820 1257 1846 1295 2

132 1315 613 1384 Pergamenorum,
664 1316 809 1382 regis
845 1314 1105 1365 Eumenis
1141 1314 1308 1381 filius,
1359 1315 1492 1367 socii
1532 1314 1803 1384 quondam
1889 1312 1899 1318 ”

77 1399 117 1433 15
134 1382 615 1453 commilitonisque
650 1383 838 1449 nostri,
877 1389 1254 1434 testamentum
1288 1383 1528 1453 reliquit:
1554 1384 1802 1453 ‘populus

131 1454 405 1505 Romanus
442 1452 705 1505 bonorum
740 1469 980 1503 meorum
1016 1451 1174 1503 heres
1214 1458 1368 1503 esto'.
1435 1452 1493 1503 in
1527 1451 1685 1504 bonis
1721 1471 1803 1504 re-

132 1523 236 1591 giis
255 1521 390 1574 haec
407 1521 664 1574 fuerunt*
675 1521 704 1552 '¹‘
715 1521 760 1572 ²¹⁶.
793 1520 941 1573 adita
968 1521 1135 1589 igitur
1153 1520 1451 1573 hereditate
1467 1522 1803 1590 provinciam
1819 1531 1846 1571 3

131 1590 362 1661 populus
399 1591 672 1643 Romanus
718 1608 828 1643 non
866 1590 1083 1660 quidem
1122 1589 1267 1642 bello
1316 1608 1418 1642 nec
1453 1590 1641 1656 armis,
1690 1590 1801 1656 sed,

135 1660 278 1730 quod
311 1662 549 1731 aequiuS,
579 1661 887 1713 testamenti
913 1661 1029 1711 iure
1057 1658 1340 1710 retinebat.
1381 1659 1478 1711 sed
1505 1659 1644 1711 hanc
1664 1659 1803 1710 diffi-
1820 1674 1848 1712 4

76 1745 119 1778 20
136 1729 238 1781 cile
271 1729 417 1782 dictu
446 1737 527 1782 est
551 1737 731 1782 utrum
758 1727 972 1781 facilius
1001 1728 1241 1780 amiserit
1269 1728 1501 1798 populus
1528 1728 1800 1781 Romanus

134 1817 205 1849 an
222 1800 636 1868 recuperaverit.
671 1799 1027 1865 AristoniCUS,
1058 1798 1197 1867 regii
1228 1798 1508 1867 sanguinis
1538 1798 1697 1849 ferox
1723 1799 1801 1848 iu—

134 1868 306 1933 veniS,
334 1867 485 1920 urbis
511 1867 731 1937 regibus
758 1885 949 1937 parere
976 1873 1258 1919 consuetas
1286 1868 1484 1937 partim
1508 1866 1667 1918 facile
1699 1865 1800 1918 sol-

134 1936 319 2003 licitat,
353 1954 552 2007 paucas
586 1938 901 2003 resistentis,
936 1936 1194 2006 Myndon,
1233 1935 1446 2002 Samon,
1488 1935 1802 2005 Colophona

133 2008 192 2057 vi
214 2007 440 2075 recepit,
492 2005 677 2059 Crassi
752 2023 928 2075 uoque
970 2006 1234 2075 praetoris
1272 2006 1467 2058 cecidit
1504 2006 1799 2057 exercitum

80 2088 123 2121 25
138 2077 417 2145 ipsumque
448 2076 606 2145 cepit.
658 2092 715 2126 se
785 2074 877 2126 ille
910 2092 1114 2126 memor
1150 2081 1202 2125 et
1233 2074 1470 2126 famil-iae
1502 2082 1555 2126 et
1576 2074 1851 2126 Romani5

135 2145 367 2196 nominis
397 2144 674 2198 custodem
706 2144 788 2195 sui
816 2143 1106 2195 barbarum
1135 2143 1351 2212 virgula
1383 2150 1637 2195 excaecat
1666 2151 1719 2195 et
1748 2145 1803 2194 in

139 2214 362 2265 exitium
401 2214 509 2279 sui,
549 2213 692 2284 quod
728 2212 974 2280 volebat,
1022 2214 1098 2264 ita
1134 2213 1382 2264 concitat.
1442 2230 1572 2265 mox
1607 2230 1640 2262 a
1676 2212 1849 2269 Per-6

136 2300 307 2402 perna
344 2282 573 2334 domitus
611 2289 665 2334 et
698 2288 884 2353 captus
921 2289 973 2335 et
1047 2300 1104 2334 er
1131 2281 1459 2334 deditionem
1484 2283 1542 2333 in
1571 2281 1804 2332 vinculis

179 2351 372 2403 abitus.
420 2352 672 2421 Aquilius
698 2352 927 2404 Asiatici
950 2351 1020 2403 be
1043 2351 1083 2403 li
1116 2350 1217 2403 reli
1254 2351 1373 2402 uias
1403 2350 1649 2417 confecit,
1669 2350 1804 2401 mix-
1823 2359 1847 2398 7

22 2447 24 2450 v
82 2430 125 2464 30
141 2420 209 2472 tis
238 2451 310 2461 —-
337 2420 516 2472 nefas!
541 2452 612 2462 ——
630 2438 840 2474 veneno
870 2421 1110 2473 fontibus
1135 2420 1205 2472 ad
1220 2369 1559 2473 (deditionem
1576 2437 1808 2490 quarun-

143 2491 266 2543 dam
298 2489 527 2542 urbium.
586 2508 723 2560 quae
756 2508 844 2542 res
876 2498 938 2542 ut
975 2497 1253 2555 maturam,
1289 2491 1366 2542 ita
1399 2490 1654 2542 infamem
1679 2489 1809 2540 fecit

140 2560 436 2626 victoriam,
474 2560 670 2640 quippe
705 2578 827 2612 cum
861 2568 1048 2613 contra
1082 2560 1165 2611 fas
1203 2558 1362 2612 deum
1390 2576 1672 2629 moresque
1698 2574 1807 2608 ma-

142 2630 316 2681 iorum
338 2628 782 2681 medicaminibus
806 2630 1012 2700 inpuris
1050 2630 1109 2681 in
1139 2628 1196 2681 id
1223 2635 1434 2699 tempus
1467 2634 1810 2680 sacrosancta

142 2699 386 2752 Romana
412 2716 561 2750 arma
583 2698 858 2751 violasset.

87 2830 127 2863 3⁸
370 2808 640 2862 XXXVI.
687 2808 993 2862 BELLVM
1021 2807 1573 2863 IVGVRTHINVM.

282 2904 435 2959 Ilaec
474 2905 545 2957 ad
583 2906 870 2974 orientem3
910 2906 1006 2959 sed
1039 2924 1148 2958 non
1186 2906 1256 2957 ad
1281 2904 1634 2956 meridianam
1666 2902 1919 2973 pla-n1,l
