2020 3168
274 194 336 243 14
855 202 1031 243 mom
1051 202 1325 241 ΕΡΙΤΟΜΑ.

267 327 489 381 vadunt.
537 328 772 396 patentis
796 328 1000 396 passim
1023 326 1207 379 domos
1244 327 1461 379 adeunt.
1507 326 1585 379 ibi
1604 328 1854 381 sedentes
1881 330 1940 381 in

269 395 542 450 curulibus
575 396 685 447 suis
713 401 1082 465 praetextatos
1125 413 1280 447 senes
1305 394 1456 447 velut
1483 394 1611 447 deos
1641 398 1938 468 geniosque

265 465 525 531 venerati,
550 482 680 517 mox
700 464 932 530 eosdem,
957 471 1242 534 postquam
1272 481 1390 516 esse
1414 462 1659 516 homines
1679 464 1936 536 liquebat,

267 534 502 589 adlocuti
520 532 656 585 nihil
674 533 1002 602 respondere
1022 533 1309 601 dignantes
1339 533 1459 603 pari
1482 533 1771 585 vaecordia
1797 552 1939 586 mac-

265 611 396 670 tant,
419 603 672 672 facesque
700 602 858 654 tectis
888 602 1132 667 iniciunt,
1164 609 1216 653 et
1239 609 1408 654 totam
1434 599 1625 654 urbem
1654 603 1770 671 igni
1794 602 1938 656 ferro
1956 616 1978 649 5

196 698 249 740 15
266 671 513 724 manibus
537 678 857 742 exaequant.
901 689 1000 723 sex
1021 670 1296 724 mensibus
1326 670 1549 723 barbari
1575 702 1647 711 -
1678 672 1796 742 quis
1828 689 1940 724 cre-

267 740 459 795 deret?
482 771 554 780 —
584 740 727 792 circa
745 748 982 794 montem
1007 758 1174 792 unum
1201 739 1590 811 pependerunt,
1622 758 1723 792 nec
1748 740 1940 793 diebus

264 810 441 877 mod0,
479 809 576 862 sed
603 808 853 862 noctibus
884 827 1094 880 quoque
1125 811 1304 862 omnia
1335 811 1573 879 experti3
1605 827 1727 862 cum
1758 817 1942 862 tamen

264 879 500 932 Manlius
546 886 702 932 nocte
740 878 1018 931 subeuntis
1057 878 1310 948 clangore
1346 880 1555 931 anseris
1604 879 1869 932 excitatus
1907 895 1942 930 a

267 966 473 1002 summa
491 966 624 1018 rupe
645 948 855 1014 deiecit,
878 955 930 1000 et
951 956 1010 999 ut
1030 966 1180 1018 spem
1198 947 1443 1000 hostibus
1466 947 1721 1015 demeret,
1755 965 1994 1019 quam-10

301 1036 427 1070 uam
454 1018 512 1070 in
543 1034 750 1069 summa
780 1016 937 1084 fame,
958 1025 1138 1070 tamen
1160 1018 1231 1069 ad
1258 1017 1494 1087 speciem
1520 1016 1751 1070 fiduciae
1768 1035 1940 1087 panes

200 1038 336 1145 mgb
367 1105 490 1139 arce
517 1086 779 1138 iaculatus
805 1093 902 1137 est.
961 1093 1014 1138 et
1045 1093 1184 1138 stato
1220 1086 1453 1156 quodam
1477 1085 1565 1138 die
1599 1104 1698 1156 per
1732 1086 1939 1139 medias

265 1157 499 1211 hostium
529 1154 799 1207 custodias
831 1154 1062 1206 Fabium
1093 1155 1402 1224 pontificem
1443 1153 1511 1206 ab
1552 1171 1677 1206 arce
1716 1154 1939 1220 dimisit,

301 1227 359 1277 ui
377 1224 633 1276 sollemne
655 1241 865 1275 sacrum
883 1224 941 1275 in
953 1222 1222 1288 Quirinali
1238 1231 1419 1277 monte
1440 1223 1743 1276 conficeret.
1778 1241 1811 1274 a
1869 1241 1939 1276 ue

194 1326 201 1330 -
265 1296 284 1346 i
307 1294 358 1346 le
386 1311 484 1363 per
510 1292 690 1345 media
711 1292 945 1345 hostium
972 1292 1082 1345 tela
1111 1293 1395 1346 incolumis
1427 1292 1706 1362 religionis
1729 1310 1798 1345 au
1842 1294 1853 1305 ‘
1882 1294 1933 1346 io
1951 1315 1993 1349 15

196 1379 248 1420 17
264 1363 464 1416 redivit
471 1363 839 1433 propitiosque
859 1362 988 1415 deos
1007 1364 1353 1415 renuntiavit.
1383 1362 1677 1414 novissime
1697 1379 1818 1414 cum
1829 1363 1937 1414 iam

266 1432 475 1487 obsidio
508 1449 605 1484 sua
627 1430 889 1484 barbaros
919 1431 1219 1501 fatigasset,
1243 1431 1393 1484 mille
1421 1431 1601 1501 pondo
1622 1432 1742 1483 auri
1762 1449 1936 1484 reces-

265 1521 383 1554 sum
395 1519 551 1554 suum
568 1500 925 1567 venditanteS,
945 1501 1109 1571 idque
1127 1503 1304 1571 ipsum
1319 1519 1416 1571 per
1435 1500 1793 1568 insolentiam,
1815 1518 1938 1552 cum

264 1571 335 1623 ad
354 1573 539 1641 iniqua
555 1570 798 1641 pondera
825 1570 1008 1622 addito
1040 1570 1215 1623 adhuc
1236 1570 1417 1639 gladio
1437 1571 1657 1640 insuper
1678 1576 1801 1622 ‘vae
1825 1571 1936 1622 vic-

262 1642 354 1693 tis'
377 1642 733 1710 increparent,
761 1639 938 1693 subito
965 1639 1253 1708 adgressus
1275 1659 1308 1692 a
1331 1647 1485 1708 tergo
1515 1639 1775 1692 Camillus
1798 1639 1934 1692 adeo
1955 1660 1998 1693 20

265 1710 473 1776 cecidit,
493 1719 553 1761 ut
581 1710 761 1763 omnia
785 1709 1156 1762 incendiorum
1176 1709 1316 1761 vesti
1357 1709 1410 1760 ia
1430 1708 1630 1761 Gallici
1656 1709 1937 1777 sanguinis

196 1797 252 1840 13
269 1778 618 1832 inundatione
639 1777 860 1831 deleret.
907 1796 1069 1848 agere
1096 1779 1298 1848 gratias
1319 1728 1401 1830 {is
1421 1777 1936 1847 inmortalibusipso

262 1855 446 1901 tantae
467 1848 635 1901 cladis
657 1850 871 1901 nomine
890 1847 1039 1900 libet.
1088 1855 1365 1917 pastorum
1395 1865 1549 1900 casas
1575 1848 1718 1916 ignis
1743 1846 1853 1913 ille,
1885 1854 1938 1899 et

262 1919 478 1971 flamma
496 1924 869 1987 paupertatem
886 1916 1103 1969 Romuli
1129 1916 1428 1970 abscondit.
1474 1917 1783 1969 incendium
1800 1915 1938 1968 illud

266 1986 398 2058 quid
417 1988 528 2055 egit
547 1986 711 2054 aliud,
731 1987 837 2038 nisi
854 1993 914 2038 ut
933 1986 1202 2038 destinata
1215 1986 1493 2039 hominum
1512 2003 1577 2038 ac
1600 1986 1822 2039 deorum
1842 1985 1932 2037 do·
1952 2008 1995 2042 25

266 2055 464 2108 micilio
487 2056 677 2108 civitas
705 2074 815 2107 non
846 2055 1023 2107 deleta
1046 2073 1146 2108 nec
1166 2055 1372 2122 obruta,
1406 2055 1502 2107 sed
1523 2056 1740 2124 expiata
1756 2055 1935 2124 potius

196 2133 250 2174 19
269 2132 322 2178 et
340 2125 566 2177 lustrata
583 2124 874 2177 videatur?
908 2124 1074 2194 igitur
1098 2132 1220 2194 post
1245 2124 1517 2177 adsertam
1541 2141 1574 2175 a
1605 2123 1825 2190 Manlio,
1854 2142 1937 2175 re-

265 2196 506 2246 stitutam
534 2211 566 2245 a
587 2193 815 2247 Camillo
845 2192 1033 2246 urbem
1062 2195 1238 2246 acrius
1270 2194 1431 2246 etiam
1459 2192 1936 2262 vehementiusque

262 2265 320 2315 in
338 2263 592 2316 finitimos
612 2264 925 2316 resurrexit.

683 2373 840 2426 VIII.
891 2373 1139 2426 BELLA
1176 2372 1527 2426 GALLICA.
1951 2408 1993 2441 30

408 2470 492 2522 Ac
517 2471 747 2539 primum
779 2471 1014 2522 omnium
1042 2469 1192 2521 illam
1221 2470 1394 2539 ipsam
1425 2469 1694 2523 Gallicam
1723 2474 1938 2537 gentem

269 2557 378 2593 non
395 2546 675 2593 contentus
693 2539 972 2592 moenibus
993 2539 1279 2609 expulisse,
1311 2557 1432 2592 cum
1460 2557 1558 2608 per
1575 2537 1789 2590 Italiam
1807 2554 1937 2588 nau-

269 2609 355 2661 fra
394 2610 449 2660 ia
480 2627 578 2661 sua
605 2608 766 2661 latius
794 2608 1084 2675 traherent,
1116 2610 1196 2660 sic
1221 2616 1535 2678 persecutus
1567 2614 1647 2659 est
1673 2606 1808 2659 duce
1835 2605 1936 2658 Oa-

197 2691 253 2732 20
269 2678 362 2730 mil
388 2696 436 2745 o,
454 2686 514 2730 ut
530 2678 690 2732 hodie
708 2677 858 2730 nulla
877 2676 1148 2731 Senonum
1173 2679 1313 2730 vesti
1355 2678 1408 2729 ia
1434 2677 1718 2746 supersint.
1770 2674 1936 2727 semel

269 2754 398 2817 aput
422 2748 690 2799 Anienem
714 2747 994 2813 trucidati,
1020 2765 1140 2799 cum
1171 2748 1329 2817 singu
1352 2747 1433 2798 ari
1465 2746 1753 2798 certamine
1780 2743 1930 2795 Man·
1950 2764 1993 2798 35

268 2815 373 2868 lius
398 2835 619 2870 aureum
648 2825 893 2887 torquem
916 2815 1148 2869 barbaro
1169 2817 1310 2868 inter
1331 2815 1504 2885 spolia
1521 2815 1770 2879 detraxit,
1790 2812 1934 2864 unde

271 2884 549 2956 Torquati.
606 2887 801 2939 iterum
824 2885 1109 2956 Pomptino
1141 2903 1298 2954 agro,
1333 2903 1453 2937 curn
1479 2884 1535 2935 in
1569 2882 1730 2935 simili
1752 2898 1936 2952 pugna
