2020 3168
179 224 282 263 XVI
911 221 1256 262 PRAEFATIO.

178 342 250 387 Cf.
271 341 418 386 Iahnii
435 342 582 400 praes.
604 354 652 398 p.
670 339 836 384 XXVI.
871 363 922 373 -·
957 342 1013 387 73
1026 376 1037 396 ,
1056 345 1114 387 20
1132 341 1244 394 urbe
1262 341 1477 389 Romana
1497 343 1605 388 BN:
1627 345 1740 390 urbe
1761 345 1913 391 Roma
1934 346 1971 392 Ο
1985 350 2020 403 ξ’

175 412 240 456 ef.
265 425 407 468 supra
429 411 489 456 ad
508 424 554 468 p.
574 415 631 456 15
647 444 661 467 ‚
681 415 727 456 5.
747 407 818 441 —'
836 411 918 463 73,
939 412 994 457 27
1016 409 1218 454 trabibus
1236 411 1272 454 B
1293 421 1304 454 ί
1335 412 1538 458 cratibus
1556 412 1650 458 ΝΟ.
1669 437 1741 447 —-
1763 418 1834 471 73,
1855 419 1914 464 35
1933 420 2020 461 te?

177 482 273 526 Ium
291 479 658 524 Freinshemius:
678 479 839 524 bellum
864 477 1000 524 ΒΝΟ.
1019 503 1090 512 -
1108 481 1188 534 74,
1211 485 1265 526 12
1284 487 1350 527 est
1377 487 1483 540 post
1501 492 1848 542 superpressum
1867 483 2002 529 indu-

175 549 382 594 cendum
411 562 518 594 esse
544 547 732 593 Iahnius
755 553 930 592 censet.
947 571 1020 580 -·
1037 550 1109 603 74,
1130 552 1188 595 20
1204 549 1310 593 urbi
1326 564 1487 610 aymen
1507 551 1543 595 B
1563 563 1574 595 :
1597 565 1760 610 aymen
1776 551 1885 598 urbi
1899 553 2017 600 No:-

176 642 248 651 —
278 622 347 674 74,
365 622 424 665 24
441 618 619 662 Poenos
635 629 832 677 quoque,
858 629 978 676 quae
997 617 1061 661 H:
1092 616 1271 662 Poenos
1290 633 1464 680 quoque
1488 620 1566 664 BN
1580 656 1590 676 ‚
1612 622 1791 692 Poemks
1808 631 1928 681 quae
1943 621 2020 668 Os

179 713 248 726 —-
268 690 338 741 75,
357 690 412 734 27
433 688 626 745 teyiones
638 722 648 741 ‚
671 688 941 746 quinyentae
959 686 1167 731 cohortes
1189 686 1249 732 0:
1275 688 1468 749 leyiones
1486 691 1591 734 inde
1610 693 1882 750 quingentae
1898 690 2000 737 coh.

179 757 257 801 BN
274 770 284 812 ;
314 758 417 801 fort.
440 757 658 815 leqiones,
686 756 1137 815 undequinquayinta
1165 756 1385 803 cohortes.
1434 758 1501 804 Cf.
1526 765 1679 804 tamen
1696 760 1930 805 Plutarchi
1951 773 1999 806 v.

112 837 119 841 ·
179 826 338 872 Sullae
362 841 400 870 e⁴
424 829 495 873 27.
516 851 586 859 --
607 828 677 880 75,
696 829 753 872 29
767 825 914 884 ferox
933 826 968 869 Β
984 837 994 868 :
1011 824 1148 884 ferus
1168 825 1262 872 ΝΟ.
1282 854 1352 861 -
1373 831 1443 883 75,
1465 832 1515 875 31
1533 830 1740 886 primum
1760 829 1827 874 N:
1845 831 2000 887 primo

179 895 286 952 BO;
309 898 370 940 es.
391 895 452 939 ad
471 909 516 953 p.
541 899 594 942 12
608 929 619 949 ,
636 897 708 941 19.
737 919 808 927 —-
836 897 918 950 75,
939 897 997 963 87
1015 899 1234 953 quantum
1252 898 1302 942 id
1314 897 1535 956 funerum
1555 898 1591 942 B
1609 911 1620 953 ;
1659 899 1760 942 sort.
1782 904 2019 958 quantum*

168 964 269 1023 fuit
279 964 502 1024 funerum
525 988 596 996 —
615 966 687 1020 75,
707 968 765 1012 38
776 964 1089 1022 penetralibus
1108 964 1143 1010 Ο
1159 975 1169 1008 :
1187 967 1491 1023 penitentibus
1510 967 1562 1023 Β,
1574 968 1839 1025 patentibus
1859 969 1914 1013 N.
1931 989 2002 1005 ν*-

177 1037 249 1089 76,
270 1039 327 1082 22
350 1036 571 1079 laniatum
591 1034 650 1078 B:
672 1034 952 1078 lancinatum
971 1033 1067 1079 ΝΟ.
1090 1058 1158 1065 —
1178 1037 1249 1091 77,
1271 1042 1325 1084 12
1344 1037 1394 1081 hi
1415 1038 1574 1094 copias
1598 1038 1886 1084 adtriverant
1898 1038 2000 1092 viri,

170 1116 323 1162 prope
351 1109 439 1148 tota
469 1103 701 1160 Hispania
719 1104 969 1161 persecuti.
1016 1103 1094 1147 diu
1123 1107 1166 1148 et
1198 1107 1387 1162 ancipiti
1412 1117 1594 1163 semper
1621 1108 1721 1151 acie
1745 1105 2007 1165 puynatu'm-

175 1178 243 1216 est
251 1192 269 1225 ,·
295 1185 379 1217 nec
409 1178 558 1217 tamen
575 1174 711 1230 prius
729 1173 838 1218 bello
867 1185 1004 1232 qua-m
1026 1184 1214 1218 suorum
1233 1176 1404 1220 scetere
1422 1178 1466 1218 et
1480 1174 1653 1219 insidiis
1671 1177 1899 1220 extinctus
1918 1180 2001 1219 est.

169 1245 327 1300 prima
341 1255 434 1300 per
455 1244 622 1301 leyatos
640 1241 794 1286 habita
813 1244 1064 1286 certamina
1094 1245 1204 1299 οἱα]
1239 1245 1306 1290 sie
1342 1244 1507 1301 scripsi
1538 1244 1584 1288 in
1606 1245 1852 1290 manifesta
1874 1243 2003 1289 eo‘di·

176 1325 281 1356 cum
302 1311 637 1370 dittographia,
673 1311 784 1356 illud
808 1313 942 1356 etiam
969 1312 1183 1358 dubitans
1201 1348 1212 1369 ‚
1245 1327 1352 1358 num
1374 1315 1509 1357 colon
1539 1314 1618 1358 diu
1636 1339 1702 1346 --
1724 1339 1792 1346 -—
1816 1326 2016 1372 papum·

176 1387 267 1425 tum
287 1387 353 1426 est
382 1396 465 1425 suo
497 1384 598 1426 loeo
620 1382 895 1425 collocatum
924 1395 983 1425 an
1011 1386 1118 1438 post
1148 1385 1375 1428 extinctus
1405 1387 1473 1428 est
1501 1383 1895 1440 transponendum
1916 1383 2000 1427 sil:

173 1451 225 1495 hi
242 1453 398 1509 copias
418 1451 708 1495 adtriuerant
723 1452 818 1495 uiri
839 1451 915 1495 diu
934 1455 977 1495 et
994 1453 1183 1508 aneffliti
1197 1464 1379 1509 semper
1398 1453 1496 1496 acie
1513 1455 1779 1509 pugnatum
1789 1457 1872 1496 est.
1916 1464 2002 1497 nes

176 1525 324 1565 tamen
339 1522 479 1579 prius
508 1521 617 1564 bello
651 1534 787 1578 quam
815 1532 1003 1565 suorum
1018 1521 1191 1566 scelere
1211 1526 1254 1566 et
1278 1521 1453 1566 insidiis
1471 1522 1697 1567 extinctus
1719 1525 1799 1566 est.
1845 1522 2004 1579 copias

176 1592 272 1634 eius
282 1602 436 1648 prope
473 1593 561 1634 tota
588 1590 803 1647 hispania
823 1591 1098 1648 persequuti
1124 1591 1201 1635 diu
1231 1594 1274 1636 et
1289 1592 1428 1635 uaria
1455 1602 1638 1648 semper
1666 1593 1766 1636 acie
1785 1591 2003 1636 domaue·

176 1664 298 1703 runt.
345 1659 506 1703 Prima
536 1672 630 1717 per
658 1660 828 1717 leyatos
857 1665 943 1706 ete.
978 1660 1032 1703 Β.
1081 1661 1151 1704 Ex
1177 1660 1250 1706 his
1284 1661 1438 1705 verbis
1470 1660 1681 1718 Iahn1us,
1714 1674 1851 1719 quem
1879 1673 1924 1706 v.
1955 1661 2001 1705 in

174 1730 323 1786 praef.
345 1743 393 1785 p.
414 1729 559 1784 XXV,
585 1729 634 1773 hi
650 1731 806 1786 copias
828 1754 893 1761 —
908 1752 979 1759 —
995 1729 1291 1774 adtriuerant
1310 1734 1354 1773 et
1373 1729 1543 1774 deinde
1565 1731 1642 1775 diu
1665 1735 1710 1775 et
1723 1731 1860 1775 uaria
1881 1741 2000 1774 sem-

170 1810 261 1857 per
287 1800 384 1843 acie
420 1799 602 1844 uncinis
635 1799 833 1845 inclusit.
873 1822 943 1831 —-
979 1801 1061 1853 78,
1096 1803 1154 1847 23
1177 1800 1449 1857 distringere
1477 1798 1698 1844 incendiis
1716 1799 1874 1844 urbem
1893 1798 2000 1844 NO:

172 1868 458 1927 destrinyere
480 1870 509 1912 i.
530 1883 574 1913 u.
597 1869 632 1912 B
646 1904 656 1924 ,
679 1869 780 1911 sort.
802 1873 927 1912 recte
943 1904 953 1924 ,
984 1873 1033 1912 ut
1051 1869 1110 1912 sit
1129 1869 1254 1913 idem
1274 1868 1401 1926 quod
1420 1869 1484 1914 ad
1498 1870 1643 1914 solum
1660 1880 1862 1914 exurere
1875 1903 1886 1925 ,
1908 1869 2002 1913 solo

175 1950 395 1995 aequare.
414 1962 484 1969 —
502 1943 574 1993 80,
589 1942 644 1986 31
668 1937 714 1982 0.
737 1935 926 1997 Caesar]
953 1939 1055 1981 fort.
1079 1937 1125 1983 C.
1149 1938 1412 1994 delendum,
1436 1943 1484 1983 ut
1505 1939 1613 1982 item
1634 1938 1822 1982 nomina
1844 1936 2001 1982 Crassi

177 2013 221 2050 et
238 2009 430 2064 Pompei
450 2007 753 2064 praenomine
775 2012 947 2052 carent.
967 2032 1035 2039 —
1055 2011 1127 2063 81,
1147 2011 1176 2054 4
1200 2014 1341 2053 morte
1364 2007 1513 2052 Iuliae
1533 2008 1594 2052 B:
1633 2013 1676 2052 et
1693 2012 1834 2052 morte
1853 2007 2004 2051 Iuliae

176 2076 272 2121 ΝΟ.
298 2101 369 2108 —
414 2081 470 2123 81
488 2112 498 2131 ,
534 2082 588 2124 12
610 2078 816 2134 primum
845 2077 911 2121 H:
955 2078 1113 2135 prima
1142 2077 1247 2132 BN,
1269 2078 1424 2134 primo
1459 2077 1511 2122 Ο.
1531 2100 1603 2108 —-
1627 2081 1699 2133 81,
1719 2080 1775 2123 31
1802 2087 1918 2120 nave
1937 2076 1999 2121 B:

175 2147 282 2190 navi
300 2146 393 2192 ΝΟ.
430 2159 546 2191 nave
577 2146 747 2190 habent
779 2146 917 2191 eodd.
945 2160 991 2203 p.
1013 2150 1085 2202 86,
1104 2151 1188 2202 293
1211 2151 1369 2191 eontra
1390 2147 1425 2190 B
1445 2148 1554 2191 navi
1571 2161 1616 2204 p.
1639 2149 1723 2204 94,
1748 2149 1815 2193 16.
1838 2169 1908 2176 —
1928 2148 2000 2202 82,

174 2219 231 2263 29
264 2216 474 2260 radiaret
501 2215 563 2261 O:
594 2216 837 2261 radiarent
863 2215 899 2260 B
932 2218 1074 2272 (non,
1111 2221 1160 2260 ut
1194 2221 1263 2260 est
1283 2216 1327 2259 in
1348 2215 1496 2260 Iahnii
1527 2216 1712 2270 adnot„
1744 2214 2000 2269 radiarent,

177 2290 437 2330 correctum
458 2299 516 2329 ex
535 2286 791 2340 radiaret);
813 2286 1114 2330 radiarentur
1134 2286 1189 2330 N.
1228 2285 1453 2343 Equidem
1480 2286 1636 2331 malitn
1657 2297 1666 2329 :
1702 2285 1837 2343 quasi
1853 2283 1908 2327 de
1930 2285 2002 2328 in—

176 2354 379 2410 dustria,
402 2360 452 2399 ut
465 2367 698 2412 prospera
719 2357 813 2400 eius
834 2356 1040 2400 adversis
1062 2356 1317 2411 radiarent,
1339 2355 1369 2399 i.
1394 2369 1433 2400 e.
1457 2354 2004 2413 exsplendeseerent.—-

174 2427 249 2479 83,
277 2426 334 2471 27
364 2429 623 2469 castrorum
651 2437 770 2484 quae
803 2426 998 2470 sedecim
1027 2427 1194 2469 mitium
1225 2426 1341 2470 vallo
1373 2425 1646 2479 obduxerat]
1682 2437 1785 2468 eum
1817 2424 1861 2465 ln
1884 2422 1917 2465 B
1946 2421 2004 2466 sit

179 2494 505 2553 ‘castrorumq
536 2495 699 2539 sedeci
720 2495 842 2539 mitid
873 2498 1017 2550 (corr.
1051 2509 1107 2538 ex
1137 2496 1280 2547 milia)
1312 2496 1432 2541 uallo
1464 2497 1511 2549 (o
1545 2499 1614 2539 est
1635 2495 1679 2537 in
1701 2504 1820 2546 ras.;
1855 2493 2005 2534 suerat

178 2563 415 2619 quondam
439 2563 566 2609 uallu
584 2569 661 2608 aut
680 2565 845 2621 ualliu)
867 2564 1200 2620 obduoeerant'‚
1222 2564 1330 2609 vide
1353 2578 1408 2608 ne
1432 2564 1681 2622 legendum
1708 2562 1789 2605 sit:
1823 2565 2000 2604 castro-

179 2646 281 2676 rum
300 2634 459 2691 quibus
480 2634 673 2678 sedecim
696 2636 863 2679 milium
883 2635 1048 2681 vallum
1069 2635 1337 2678 obduoeerat.
1351 2659 1419 2664 ———
1437 2637 1510 2686 83,
1530 2637 1587 2679 28
1605 2632 1717 2691 quid
1735 2632 1789 2674 iis
1810 2631 1844 2673 H
1864 2641 1874 2673 :
1895 2629 2004 2687 quid

178 2703 217 2745 is
234 2702 267 2745 B
286 2737 297 2758 ‚
319 2704 439 2761 quid
455 2703 526 2747 his
555 2704 649 2749 ΝΟ.
690 2729 756 2734 —-
792 2708 874 2761 83,
898 2707 956 2751 34
975 2704 1193 2748 sederunt
1212 2704 1271 2747 B:
1301 2704 1461 2747 sedere
1490 2702 1583 2747 ΝΟ.
1606 2727 1669 2731 —
1693 2704 1775 2753 84,
1799 2704 1849 2745 11
1864 2699 2000 2755 plau-

176 2783 276 2814 sum
297 2772 464 2817 theatri
478 2774 552 2817 sui
568 2774 758 2818 audiens
779 2774 839 2818 B:
873 2774 1040 2818 theatri
1053 2775 1127 2818 sui
1143 2774 1332 2817 audiens
1347 2773 1562 2829 plausum
1589 2772 1627 2814 N
1645 2805 1655 2825 ‚
1681 2771 1851 2826 plausu
1871 2767 1999 2811 thea-

176 2842 240 2884 tri
266 2843 339 2886 sui
372 2842 406 2887 Ο
440 2857 497 2886 ex
518 2844 810 2887 Mommsenii
841 2844 959 2888 coni.
983 2869 1050 2873 —
1074 2847 1155 2897 84,
1181 2845 1239 2890 24
1259 2842 1452 2900 effusius
1473 2841 1535 2885 H:
1567 2839 1757 2898 fisussui
1774 2838 1807 2880 B
1824 2872 1834 2889 ‚
1862 2836 2002 2895 fusus

182 2910 243 2953 Ν.
274 2913 384 2963 ,fisus
418 2913 502 2956 sibi
526 2912 577 2957 Ο.
611 2937 679 2943 -—
705 2915 788 2972 84,
815 2917 872 2961 26
902 2910 966 2972 hi]
991 2914 1056 2955 illi
1085 2913 1119 2955 B
1142 2925 1305 2956 rasura
1326 2925 1383 2954 ex
1402 2911 1483 2955 ulti
1501 2935 1567 2939 -ω
1601 2913 1679 2963 86,
1700 2912 1757 2953 20
1777 2907 1865 2950 nisi
1881 2902 2002 2964 quod
