2020 3168
1635 155 1656 180 Ι

633 209 1187 282 1,4.5.6[10-12].
1689 216 1746 263 11

83 367 280 403 exuere
298 347 480 401 frenos
501 347 574 399 im
612 350 870 401 eravit—
898 355 952 401 et
985 348 1087 400 hoc
1104 366 1304 400 novum
1321 379 1406 414 —‚
1439 365 1543 418 quo
1574 349 1749 399 acrius

31 426 34 431 ’
81 420 430 471 incurrerent.
481 435 545 469 ea
614 418 806 488 enique
836 418 1087 470 atrocitas
1153 416 1307 469 roelii
1336 417 1462 482 fuit,
1493 423 1553 468 ut
1581 418 1742 468 inter·
1763 428 1792 466 4

82 487 251 540 fuisse
282 487 586 556 spectaculo
618 487 747 540 deos
776 486 922 539 fama
953 486 1094 539 tradi
1136 487 1252 538 erit.
1296 485 1402 538 duo
1426 487 1483 538 in
1502 485 1746 538 candidis

84 574 112 608 e
151 558 236 608 uis
250 557 471 608 iuvenes
483 573 631 608 more
642 556 879 608 siderum
888 555 1420 626 praetervolaverunt
1435 574 1447 622 3
1470 554 1750 608 Castorem

45 637 67 670 ⁵
83 642 115 676 a
155 642 258 696 que
274 625 550 677 Pollucem
566 642 724 677 nemo
744 624 1026 678 dubitavit.
1058 626 1238 695 itaque
1258 631 1310 684 et
1327 626 1616 695 imperator
1633 624 1750 693 ipse

82 700 368 745 veneratus
418 700 500 745 est
529 701 825 763 pactusque
860 695 1142 746 victoriam
1176 693 1379 762 templa
1412 694 1662 763 promisit
1698 700 1751 744 et

42 811 46 815 .
79 761 332 828 reddidit,
351 761 512 832 plane
531 763 687 832 quasi
705 762 1028 831 stipendium
1049 762 1501 814 commilitonibus
1521 762 1622 813 dis.

219 829 496 882 Hactenus
526 848 624 900 pro
652 830 926 897 libertate,
955 848 1084 882 mox
1113 830 1180 882 de
1205 829 1402 883 finibus
1433 848 1556 882 cum
1579 830 1751 882 isdem
1767 841 1794 881 5

80 900 290 952 Latinis
311 899 537 952 adsidue
558 906 610 952 et
624 901 740 952 sine
757 900 1154 952 intermissione
1171 907 1468 980 pugnatum
1487 906 1583 951 est.
1608 898 1750 952 Cora
1766 916 1793 958 6

26 982 151 1016 10—-
182 969 302 1041 quis
333 968 559 1021 credat?
576 1001 649 1010 -—
678 976 731 1022 et
756 968 970 1020 Alsium
995 976 1191 1021 terrori
1220 969 1454 1036 fuerunt,
1485 967 1751 1021 Satricum

81 1037 152 1091 ad
188 1055 256 1090 ue
295 1037 645 1091 Corniculum
677 1039 1006 1110 provinciae.
1061 1039 1127 1091 de
1166 1038 1383 1090 Verulis
1432 1045 1484 1090 et
1519 1037 1749 1091 Bovillis

79 1126 154 1178 pu
194 1114 262 1174 et,
283 1107 380 1159 sed
396 1108 859 1178 triumphavimus.
918 1107 1103 1175 Tibur,
1127 1125 1270 1159 nunc
1289 1107 1670 1173 suburbanum,
1694 1114 1746 1158 et
1764 1116 1789 1155 7

80 1177 329 1230 aestivae.
340 1176 634 1230 Praeneste
655 1176 881 1229 deliciae
898 1177 1217 1247 nuncupatis
1238 1178 1295 1227 in
1318 1176 1585 1246 Capitolio
1606 1178 1746 1229 votis

78 1244 415 1326 petebantur.
468 1245 614 1298 idem
639 1253 770 1298 tunc
805 1246 1069 1299 Faesulae
1105 1245 1249 1317 quod
1289 1245 1524 1298 Carrhae
1560 1265 1634 1297 nu
1673 1264 1744 1312 er,
1763 1256 1791 1297 8

25 1332 67 1366 15
83 1314 227 1367 idem
243 1331 432 1366 nemus
450 1315 732 1367 Aricinum
787 1315 897 1367 uod
914 1315 1061 1367 Herc
1101 1317 1221 1367 nius
1253 1315 1435 1381 saltuS,
1465 1315 1643 1384 Frege
1666 1315 1749 1366 lae

80 1382 226 1454 quod
255 1382 660 1450 Caesoriacum,
700 1383 767 1436 Ti
809 1385 914 1437 eris
942 1402 1044 1454 quo
1118 1384 1441 1454 Euphrates.
1501 1383 1745 1437 Coriolos
1763 1398 1791 1439 9

81 1469 291 1523 quoque
319 1483 389 1492 ——-
412 1470 511 1523 pro
539 1453 742 1523 pudor!
768 1485 839 1494 -—
869 1454 1042 1505 victos
1074 1453 1208 1505 adeo
1240 1453 1445 1522 gloriae
1475 1453 1661 1518 fuisse,
1690 1460 1752 1505 ut

81 1528 294 1591 captum
320 1521 577 1592 oppidum
608 1522 792 1575 Gneus
823 1522 1062 1574 Marcius
1095 1521 1414 1575 Coriolanus
1455 1522 1610 1591 quasi
1638 1521 1749 1573 Nu-

79 1592 335 1643 mantiam
364 1597 456 1643 aut
473 1590 718 1644 Africam
743 1592 949 1644 nomini
975 1591 1239 1644 indueret.
1299 1598 1485 1643 extant
1515 1598 1567 1643 et
1594 1598 1749 1660 parta
1768 1598 1819 1639 10

7 1679 68 1712 ·20
84 1660 151 1712 de
169 1660 333 1712 Antio
354 1660 541 1731 spolia,
562 1680 699 1731 quae
710 1661 957 1714 Maenius
975 1662 1033 1713 in
1052 1668 1310 1730 suggestu
1330 1661 1435 1713 fori
1454 1668 1610 1730 capta
1629 1660 1748 1712 hos-

76 1730 211 1781 tium
229 1728 400 1782 classe
423 1730 713 1782 suffixit—
732 1733 778 1783 si
796 1738 976 1783 tamen
995 1730 1090 1783 illa
1108 1730 1312 1796 classiS,
1333 1748 1458 1782 nam
1477 1748 1576 1781 sex
1595 1729 1748 1781 fuere

76 1806 356 1851 rostratae.
387 1799 485 1851 sed
500 1799 588 1852 hic
607 1818 858 1852 numerus
878 1800 985 1852 illis
1003 1802 1171 1852 initiis
1191 1799 1385 1852 navale
1403 1798 1607 1850 bellum
1624 1798 1743 1851 fuit.

75 1869 500 1938 pervicacissimi
516 1875 698 1922 tamen
714 1870 1031 1922 Latinorum
1048 1870 1227 1939 Aequi
1246 1877 1299 1921 et
1317 1869 1506 1921 Vulsci
1524 1868 1676 1920 fuere
1698 1874 1750 1920 et
1773 1882 1821 1922 11

0 1954 1 1987 ἕ
76 1937 350 2003 cotidiani,
370 1944 430 1989 ut
449 1938 527 1989 sic
547 1938 793 2004 dixerim,
811 1938 1008 1991 hostes,
1050 1939 1147 1990 sed
1169 1938 1266 1991 hos
1284 1939 1572 2009 praecipue
1591 1936 1746 1989 Titus
1767 1948 1821 1989 12

0 2023 63 2056 ‘25
81 2005 364 2072 Quinctius
386 2006 605 2073 domuit,
634 2007 727 2060 ille
758 2009 986 2061 dictator
1016 2007 1084 2059 ab
1105 2014 1299 2074 aratro,
1332 2009 1424 2078 qui
1453 2006 1678 2058 obsessa
1698 2013 1749 2058 et

76 2093 248 2146 paene
276 2077 384 2128 iam
406 2083 562 2146 capta
580 2076 772 2130 Manili
801 2076 1035 2130 consulis
1061 2084 1238 2128 castra
1266 2078 1489 2145 egregia
1517 2076 1747 2127 victoria

76 2146 433 2215 recuperavit.
481 2146 717 2198 medium
746 2154 859 2199 erat
886 2154 1096 2216 tempus
1126 2145 1266 2198 forte
1306 2146 1559 2198 sementis
1569 2185 1583 2211 ,
1624 2163 1745 2196 cum
1773 2158 1822 2199 13

115 2215 362 2266 atricium
379 2218 558 2267 virum
583 2217 832 2268 innixum
860 2223 1037 2267 aratro
1068 2233 1164 2267 suo
1186 2215 1341 2267 lictor
1370 2216 1563 2285 inipso
1586 2231 1745 2283 opere

76 2233 447 2352 {eprehendit
499 2285 627 2337 inde
656 2287 714 2337 in
733 2287 904 2349 aciem
931 2285 1223 2355 profectuS,
1254 2286 1444 2350 victOS,
1476 2301 1544 2335 ne
1565 2282 1695 2353 quid
1713 2300 1746 2333 a

3 2370 64 2404 so
80 2353 268 2403 rustici
305 2354 480 2422 operis
521 2354 816 2407 imitatione
857 2363 1118 2420 cessaret,
1161 2372 1308 2405 more
1384 2353 1612 2405 ecudum
1647 2351 1747 2403 sub

78 2422 263 2489 iugum
282 2422 443 2473 misit.
476 2424 554 2474 sic
574 2424 916 2494 expeditione
936 2423 1088 2475 finita
1107 2423 1269 2476 rediit
1289 2441 1321 2474 a
1372 2422 1541 2475 boves
1562 2439 1746 2473 rursus
1769 2429 1821 2470 14

75 2489 412 2570 triumphalis
445 2492 684 2560 agricola
711 2526 782 2533 —
812 2493 974 2546 fidem
1004 2494 1282 2545 numinum
1310 2523 1381 2532 —-
1421 2509 1526 2561 qua
1553 2490 1749 2542 veloci-

74 2559 212 2611 tate!
234 2566 376 2611 mtra
397 2561 704 2630 quindecim
725 2562 840 2615 dies
863 2569 1109 2632 coeptum
1126 2568 1507 2632 peractumque
1526 2559 1745 2624 bellum,
1773 2571 1823 2611 15

74 2635 295 2698 prorsus
314 2637 374 2682 ut
393 2630 679 2684 festinasse
701 2631 929 2684 dictator
948 2632 1020 2684 ad
1037 2631 1283 2683 relictum
1305 2648 1437 2700 opus
1457 2628 1748 2681 videretur.
1768 2647 1770 2650 ·

19 2746 68 2782 ²5
84 2735 181 2788 VI.
211 2737 518 2792 BELLVM
551 2738 709 2792 CVM
737 2739 1100 2794 ETRVSCIS
1131 2737 1467 2792 FALISCIS
1494 2734 1750 2789 VEIEN-

534 2808 751 2862 TIBVS
782 2808 1307 2862 FIDENATIBVS.

222 2908 455 2961 Adsidui
474 2927 601 2961 vero
623 2915 673 2960 et
693 2910 1052 2962 anniversarii
1070 2909 1250 2962 hostes
1270 2907 1339 2959 ab
1359 2888 1579 2959 Etruria
1598 2905 1752 2958 fuere
1766 2906 1833 2957 12
