2020 3168
182 162 213 210 7
218 161 250 210 6
782 169 956 209 FLom
974 168 1250 208 EPITOMA.

183 313 310 347 nam
343 294 554 346 Mucius
582 293 842 346 Scaevola
877 291 1126 362 pontifex
1142 291 1379 344 Vestalis
1415 292 1692 362 amplexus
1721 312 1844 348 aras

119 371 394 418 22tantum
439 380 548 415 non
590 362 777 415 eodem
811 363 955 431 igne
974 360 1247 430 sepelitur.
1320 360 1646 430 Lamponius
1684 370 1740 415 at
1776 381 1846 416 ue

183 432 494 498 TelesinuS,
541 430 840 483 Samnitum
875 431 1038 483 duces
1052 468 1067 495 ,
1115 430 1350 482 atrocius
1386 428 1596 499 Pyrrho
1645 438 1698 482 et
1786 450 1844 483 n-

181 501 363 553 nibale
411 499 760 569 Campaniam
810 498 1192 568 Etruriamque
1239 516 1308 568 po
1346 497 1589 564 ulantur,
1645 506 1697 551 et
1745 500 1844 553 sub

108 586 165 629 23
183 571 361 650 speeie
396 569 629 638 partium
663 567 724 618 se
770 567 1066 620 vindicant.
1140 566 1286 636 apud
1361 567 1687 647 aeriportum
1724 566 1845 621 Col·
1862 589 1884 623 ε.
1915 574 1917 576 ’

176 639 453 708 -lmamque
502 643 713 706 portam
774 635 1074 689 debellatae
1122 653 1305 687 omnes
1352 635 1586 688 hostium
1631 637 1844 706 eopiae3

180 706 260 759 ibi
293 706 525 773 Marius,
571 705 660 757 hie
697 704 979 757 Telesinus
1027 705 1286 774 oppressi.
1360 722 1460 758 nec
1490 704 1634 756 idem
1665 711 1847 757 tamen

182 775 428 828 caedium
473 776 565 856 qui
609 773 743 826 belli
774 774 896 826 finis
934 774 1054 827 fuit.
1131 774 1304 826 stricti
1345 774 1488 825 enim
1535 779 1588 825 et
1622 775 1680 825 in
1752 791 1855 826 aee

220 844 378 910 ladii,
424 843 964 914 animadversumque
1004 844 1061 895 in
1098 860 1214 908 eOS,
1263 843 1355 912 qui
1392 859 1448 895 se
1478 849 1666 911 sponte
1737 843 1846 894 edi·

104 921 162 960 24
181 862 388 965 derant.
460 913 638 964 minus
679 920 775 979 est,
813 912 959 982 quod
995 918 1123 981 aput
1157 910 1307 963 Saeri
1347 918 1536 978 ortum,
1574 929 1607 962 a
1642 919 1703 964 ut
1724 910 1844 964 Col·
1862 935 1903 967 ιο

182 981 348 1033 linam
397 983 738 1050 septuaginta
781 981 932 1033 milia
974 998 1059 1033 am
1098 980 1201 1032 lius
1241 978 1277 1032 S
1337 980 1391 1032 la
1424 981 1577 1032 conci
1621 981 1683 1031 'tz
1734 979 1846 1032 bel-

181 1050 292 1102 lum
331 1057 461 1101 erat.
554 1056 769 1101 uattuor
802 1049 953 1100 milia
988 1049 1054 1102 de
1095 1049 1291 1100 itorum
1326 1049 1613 1100 inermium
1649 1049 1848 1100 civium

107 1127 162 1168 25
181 1120 239 1171 in
284 1118 417 1170 villa
463 1136 536 1187 pu
577 1117 681 1169 liea
726 1117 957 1170 interfici
996 1117 1179 1169 iussit:
1226 1117 1342 1168 isti*
1361 1123 1442 1169 tot
1480 1118 1538 1169 in
1573 1134 1707 1186 paee
1738 1133 1848 1169 non

179 1187 362 1268 plures
392 1186 553 1238 sunt?
604 1189 722 1256 quis
759 1194 938 1239 autem
980 1185 1103 1239 illos
1138 1192 1316 1256 potest
1350 1192 1666 1256 conputare,
1715 1202 1847 1256 quos
1990 1243 1992 1246 .

179 1274 238 1308 m
271 1255 405 1308 urbe
442 1256 646 1325 passim
683 1256 922 1326 quisquis
967 1254 1141 1307 voluit
1176 1253 1411 1308 oceidit?
1462 1254 1634 1307 donee
1664 1253 1843 1307 admo-
1862 1276 1904 1310 15

179 1331 342 1376 nente
386 1323 629 1391 Fufidio,
675 1325 862 1377 vivere
906 1324 1115 1394 aliquos
1163 1323 1388 1389 debere,
1434 1331 1495 1376 ut
1531 1331 1710 1376 essent
1735 1324 1847 1393 qui-

178 1394 282 1446 bus
317 1394 630 1463 imperaret,
662 1394 938 1463 proposita
974 1399 1055 1444 est
1089 1394 1281 1461 ingens
1320 1392 1416 1445 illa
1450 1392 1662 1459 tabula,
1697 1399 1750 1444 et
1779 1409 1850 1444 ex

179 1464 299 1532 ipso
342 1462 606 1530 equestris
654 1462 858 1515 ordinis
899 1462 1032 1515 flore
1078 1479 1142 1514 ae
1178 1468 1368 1514 senatu
1405 1462 1512 1514 duo
1558 1461 1709 1513 milia
1744 1460 1848 1512 ele-

109 1537 167 1579 26
183 1532 255 1584 eti
269 1571 284 1598 ‚
321 1532 414 1601 qui
447 1531 584 1584 mori
619 1531 958 1584 iuberentur:
994 1531 1124 1584 novi
1158 1531 1374 1599 generis
1413 1531 1664 1583 edietum.
1735 1529 1848 1582 lon-

218 1619 310 1652 um
386 1599 635 1652 osthaee
670 1599 875 1654 referre
910 1599 1144 1652 ludibrio
1191 1598 1376 1651 habita
1417 1599 1531 1651 fata
1564 1597 1846 1664 CarboniS,
1862 1618 1904 1650 20

180 1619 294 1721 §ata
325 1617 532 1734 &orani
569 1667 871 1722 Plaetorios
907 1675 1066 1739 atque
1086 1667 1395 1734 Venuleios‚
1431 1667 1696 1720 Baebium
1733 1668 1849 1719 sine

180 1738 325 1790 ferro
359 1740 468 1790 ritu
502 1737 739 1790 ferarum
771 1739 912 1791 inter
938 1755 1128 1790 manus
1157 1737 1430 1804 laniatum,
1467 1736 1716 1804 Marium,
1755 1736 1848 1788 du·

180 1808 257 1859 eis
289 1808 459 1877 ipsius
495 1806 743 1874 fratrem,
779 1814 909 1877 aput
941 1806 1119 1860 Catuli
1152 1805 1458 1876 sepulerum
1490 1805 1660 1859 oculis
1694 1805 1847 1859 effos-

181 1877 256 1927 sis
265 1917 280 1942 ‚
328 1875 576 1928 manibus
625 1876 975 1947 cruribusque
1013 1875 1247 1927 effractis
1279 1883 1572 1928 *servatum
1607 1874 1847 1944 aliquan·
2000 1922 2007 1936 „

109 1957 164 1998 27
181 1945 302 2011 diu,
338 1952 398 1996 ut
428 1963 527 2014 per
557 1945 770 2014 singula
804 1944 1044 1997 membra
1077 1952 1391 1997 moreretur.
1488 1945 1626 1997 ossis
1664 1946 1844 2011 singu·
1861 1963 1904 1996 25
2001 1941 2006 2025 ξ’

179 2013 354 2065 lorum
388 2014 662 2066 hominum
700 2014 844 2067 ferre
872 2031 1100 2083 poenas:
1137 2015 1428 2083 municipia
1448 1963 1640 2065 ftaliae
1673 2011 1847 2082 splen·
2001 2038 2006 2073 ς

181 2082 462 2135 didissima
500 2084 599 2136 sub
631 2083 788 2135 hasta
823 2083 1132 2149 venierunt,
1170 2081 1208 2134 S
1247 2082 1491 2149 oletium,
1530 2081 1847 2133 Interamni-
1994 2083 2006 2111 ‘³¹

107 2155 162 2197 28
179 2170 285 2217 um,
322 2151 631 2219 Praeneste,
667 2152 963 2205 Florentia.
1036 2168 1162 2203 nam
1239 2150 1534 2216 ulmonem‚
1571 2157 1727 2202 vetus
1759 2167 1847 2219 op-

177 2220 365 2291 pidum
401 2223 605 2274 soeium
640 2228 800 2292 atque
835 2222 1065 2273 amioum
1098 2251 1170 2260 -—-
1198 2220 1409 2271 facinus
1446 2220 1728 2287 indignum
1747 2219 1758 2269 !
1777 2249 1849 2260 -—-

177 2306 287 2341 non
340 2308 409 2342 ex
445 2298 615 2360 ugnat
658 2298 751 2343 aut
788 2290 999 2343 obsidet
1033 2290 1149 2342 iure
1184 2289 1343 2357 belli3
1393 2288 1491 2341 sed
1537 2306 1641 2358 quo
1686 2286 1844 2340 modo
1863 2307 1906 2340 30

177 2364 348 2410 morte
387 2309 624 2411 dtamnati
662 2360 784 2412 duci
819 2358 1086 2426 iubentur,
1123 2361 1200 2410 sie
1236 2358 1543 2410 damnatam
1574 2357 1846 2409 civitatem

177 2427 335 2479 iussit
372 2425 521 2480 Sulla
554 2429 740 2481 deleri.

503 2536 576 2588 X.
623 2535 931 2588 BELLVM
969 2534 1519 2589 SERTORIANVM.

64 2634 227 2699 111‚22
314 2631 528 2685 Bellum
566 2632 932 2685 Sertorianum
969 2633 1100 2703 quid
1134 2633 1364 2702 amplius
1400 2649 1558 2702 quam
1595 2629 1846 2683 Sullanae

220 2703 591 2771 rescriptionis
637 2701 909 2754 hereditas
943 2702 1087 2754 fuit?
1133 2701 1329 2755 hostile
1365 2701 1542 2771 potius
1579 2717 1649 2750 an
1685 2698 1843 2750 civile
1859 2713 1900 2747 35

182 2719 416 2823 dixerim
471 2771 679 2837 neseio,
736 2771 935 2840 quippe
993 2771 1138 2840 quod
1183 2771 1433 2823 Lusitani
1482 2767 1846 2837 Celtiberique

143 2837 427 2892 2Romano
462 2840 731 2909 gesserint
773 2839 925 2891 duee.
1002 2839 1128 2893 exul
1173 2846 1225 2892 et
1257 2839 1520 2910 profugus
1565 2836 1750 2888 feralis
1784 2836 1845 2887 il-
