2020 3168
684 174 759 242 11,
781 172 1245 246 4-6[16—18].
1753 181 1820 231 69

151 315 298 366 mani
329 319 480 365 tanta
514 319 780 383 potestate
812 311 1056 380 subnixi,
1094 322 1154 366 ut
1189 313 1282 385 qui
1310 312 1424 365 fata
1466 313 1819 385 fortunasque

52 447 56 450 .
150 383 326 453 princi
363 400 455 434 um
492 381 754 434 haberent
794 382 853 434 in
882 398 1069 449 manu,
1108 382 1424 452 interceptis
1457 384 1600 435 vecti
1642 383 1818 435 alibus

150 400 540 521 peculaffiantur
568 467 664 503 suo
683 451 800 502 iure
818 467 932 502 rem
987 450 1250 519 ublicam3
1284 457 1502 503 senatus
1523 453 1612 503 exi
1634 452 1686 504 io
1706 452 1816 504 Me-

149 520 266 573 telli
276 560 292 588 ,
323 520 665 573 damnatione
684 518 855 572 Rutili
878 518 946 571 de
986 518 1190 574 ilitatus
1210 538 1366 574 omne
1387 520 1551 573 decus
1571 522 1818 573 maiesta-

100 613 120 646 5
149 590 220 641 tis
241 590 511 643 amiserat.
546 590 604 641 in
622 588 725 641 hoc
749 595 894 641 statu
911 606 1094 641 rerum
1111 606 1270 661 pares
1302 607 1332 642 o
1372 589 1494 642 ibus
1515 590 1709 642 animis
1740 590 1816 642 di-
1833 594 1860 632 4

148 659 355 728 gnitate
408 658 553 710 unde
583 665 636 710 et
665 657 926 710 natalium
960 657 1144 712 Druso
1175 677 1331 712 aemu
1354 660 1462 711 atio
1490 661 1815 730 accesserat)

58 758 62 762 ·
149 728 384 797 equitem
444 726 667 778 ervilius
691 725 917 797 Caepio,
955 735 1199 781 senatum
1217 728 1410 781 Livius
1431 727 1646 779 Drusus
1667 728 1819 780 adse-

147 812 285 848 rere.
329 796 487 865 signa
510 793 724 865 aquilae
746 802 800 847 et
818 795 1022 847 vexilla
1040 796 1291 849 deerant:
1325 803 1562 848 ceterum
1582 798 1660 848 sic
1683 797 1819 848 urbe
1835 803 1861 843 5

146 866 205 917 in
223 882 333 916 una
361 865 516 935 quasi
545 865 603 917 in
627 863 773 916 binis
798 865 991 916 castris
1019 865 1400 919 dissidebatur.
1439 866 1590 936 prior
1617 864 1727 918 Cae
1763 866 1818 917 io

93 935 207 986 10in
236 942 482 986 senatum
508 935 713 1004 impetu
741 932 886 985 facto
918 952 1040 986 reos
1069 934 1303 988 ambitus
1335 932 1597 988 Scaurum
1624 941 1677 986 et
1693 882 1818 986 Plu-

148 1004 352 1074 lippum
379 1003 653 1075 principes
683 1002 982 1057 nobilitatis
1014 1003 1195 1074 elegit.
1243 1004 1326 1057 his
1345 1011 1406 1056 ut
1434 1003 1668 1056 motibus
1689 1005 1818 1055 resi·
1835 1013 1862 1052 ὃ

150 1079 316 1124 steret
332 1072 546 1124 Drusus
559 1113 573 1140 ,
631 1072 807 1125 lebem
827 1072 898 1124 ad
919 1090 976 1124 se
998 1073 1331 1126 Gracchanis
1353 1073 1591 1143 legibus,
1624 1073 1818 1125 isdem-

149 1160 254 1223 que
286 1143 459 1195 socios
483 1142 554 1195 ad
592 1091 787 1194 1lebem
819 1159 914 1212 spe
942 1143 1178 1195 civitatis
1206 1144 1389 1196 traxit.
1429 1149 1579 1195 extat
1601 1160 1715 1195 vox
1742 1143 1819 1212 ip-

150 1228 279 1278 sius,
293 1210 429 1263 nihil
445 1229 502 1264 se
523 1229 555 1263 a
604 1211 947 1281 largitionem
965 1210 1065 1264 ulli
1085 1212 1384 1284 reliquisse,
1397 1213 1505 1264 nisi
1528 1213 1574 1263 si
1586 1213 1706 1283 quis
1727 1218 1820 1263 aut

91 1294 132 1328 15
149 1297 376 1332 caenum
394 1280 639 1333 dividere
658 1280 825 1333 vellet
847 1287 941 1333 aut
964 1281 1188 1334 caelum.
1232 1281 1421 1335 aderat
1436 1280 1818 1351 promulgandi
1834 1283 1860 1322 7

148 1349 290 1416 dies,
320 1366 443 1401 cum
471 1349 649 1402 subito
685 1357 837 1401 tanta
865 1350 949 1401 vis
977 1350 1253 1402 hominum
1284 1351 1524 1420 undique
1554 1351 1817 1420 apparuit,

145 1423 207 1469 ut
223 1417 458 1470 hostium
481 1418 720 1470 adventu
748 1418 971 1471 obsessa
1000 1419 1193 1471 civitas
1222 1419 1515 1472 videretur.
1556 1436 1719 1471 ausus
1740 1426 1818 1471 ta-
1834 1418 1862 1459 8

145 1504 271 1538 men
302 1487 433 1540 obro
474 1504 566 1539 are
593 1486 806 1556 legibus
839 1487 1027 1540 consul
1058 1487 1368 1570 Philippus,
1397 1488 1494 1540 sed
1523 1487 1820 1558 adprehen-

149 1574 267 1607 sum
295 1557 441 1609 sauci
479 1574 545 1609 us
575 1557 753 1609 viator
785 1573 895 1609 non
925 1563 1050 1609 ante
1085 1557 1290 1610 dim1s1t
1319 1574 1481 1628 quam
1510 1558 1732 1627 sanguis
1760 1558 1819 1608 in

87 1640 135 1674 2⁰
149 1643 209 1678 os
231 1633 284 1678 et
303 1625 486 1679 oculos
506 1626 851 1679 redundaret.
904 1628 982 1678 sic
1007 1643 1106 1697 per
1127 1627 1240 1679 vim
1265 1626 1406 1679 latae
1437 1627 1723 1697 iussaeque
1743 1625 1815 1678 le-
1834 1628 1861 1670 9

145 1712 260 1764 ges.
308 1703 360 1747 et
357 1697 608 1816 Ipretium
631 1696 929 1766 rogationis
951 1697 1132 1748 statim
1152 1697 1285 1749 socii
1301 1696 1549 1766 flagitare
1560 1736 1574 1763 ,
1597 1713 1718 1747 cum
1739 1697 1818 1747 in-

143 1781 330 1833 parem
415 1782 600 1817 rusum
633 1782 962 1836 aegrumque
988 1783 1169 1818 rerum
1197 1773 1398 1818 temere
1424 1772 1689 1818 motarum
1713 1782 1821 1816 ma-

144 1841 293 1901 tura,
338 1841 399 1886 ut
439 1837 496 1886 in
542 1834 638 1885 tali
678 1835 1012 1903 discrimine,
1059 1852 1204 1887 mors
1252 1834 1493 1887 abstulit.
1551 1852 1653 1887 nec
1699 1834 1821 1886 ideo

150 1901 377 2025 [min-us}
389 1905 523 1957 socii
545 1905 813 1974 promissa
822 1903 992 1956 Drusi
1010 1921 1044 1956 a
1060 1904 1259 1974 populo
1279 1904 1521 1958 Romano
1538 1920 1823 1974 reposcere

90 1981 133 2014 25
150 1988 314 2024 armis
379 1974 632 2026 esierunt.

376 2076 475 2129 VI.
518 2076 826 2130 BELLVM
870 2075 1286 2130 ADVERSVM
1322 2075 1599 2131 SOCIOS.

286 2168 501 2221 Bellum
532 2169 677 2239 quod
694 2169 955 2222 adversus
982 2170 1156 2222 socios
1182 2175 1395 2238 gestum
1415 2176 1497 2221 est
1523 2168 1721 2221 sociale
1750 2181 1832 2232 111,
1870 2165 1938 2218 18

148 2236 352 2290 bellum
369 2245 595 2290 vocetur
613 2239 767 2306 licet,
786 2246 847 2291 ut
869 2246 1219 2292 extenuemus
1240 2238 1504 2290 invidiam
1520 2257 1533 2305 3
1567 2238 1613 2288 si
1631 2255 1822 2290 verum

147 2314 330 2359 tamen
347 2306 596 2360 volumus
605 2347 622 2375 ,
642 2307 779 2362 illud
798 2309 959 2362 civile
984 2308 1188 2360 bellum
1206 2308 1326 2360 fuit.
1365 2309 1562 2377 quippe
1590 2324 1711 2358 cum
1728 2324 1820 2376 po·

91 2393 135 2427 30
148 2375 308 2446 pulus
338 2376 613 2429 Romanus
642 2377 928 2444 Etruscos,
958 2377 1183 2430 Latinos
1214 2375 1551 2446 Sabinosque
1584 2375 1689 2427 sibi
1726 2377 1821 2427 mi-

148 2446 349 2498 scuerit
379 2453 432 2498 et
466 2464 634 2498 unum
662 2465 734 2500 ex
761 2447 1009 2501 omnibus
1042 2447 1362 2516 sanguinem
1395 2446 1582 2512 ducat,
1627 2462 1820 2514 corpus

147 2516 278 2568 fecit
314 2533 386 2566 ex
416 2515 672 2568 membris
702 2524 755 2569 et
786 2535 858 2569 ex
883 2516 1133 2571 omnibus
1163 2534 1303 2568 unus
1341 2522 1449 2582 est3
1485 2533 1587 2566 nec
1614 2517 1862 2566 minore2

143 2583 354 2654 'flagitio
376 2586 509 2637 socii
536 2586 679 2637 intra
696 2585 911 2639 Italiam
932 2604 1094 2657 quam
1111 2587 1254 2637 intra
1270 2584 1462 2637 urbem
1481 2582 1820 2636 civesrebel-

148 2653 350 2706 labant.
391 2655 572 2724 itaque
594 2672 715 2706 cum
732 2656 817 2707 ius
837 2656 1074 2708 civitatis
1086 2696 1101 2722 ,
1134 2673 1295 2726 quam
1312 2653 1520 2706 viribus
1541 2658 1819 2717 auxerant,
1838 2662 1865 2704 3

92 2734 135 2767 ³5
154 2724 286 2775 socii
312 2724 607 2775 iustissime
631 2725 988 2793 postularent,
1020 2743 1180 2796 quam
1208 2726 1264 2776 in
1285 2742 1435 2793 spem
1454 2741 1545 2775 eos
1571 2721 1822 2791 cupidine

150 2792 528 2846 dominationis
553 2793 766 2845 Drusus
796 2802 1042 2847 erexerat
1052 2834 1067 2861 ,
1094 2802 1379 2865 postquam
1408 2793 1499 2843 ille
1520 2791 1814 2844 domestico
1832 2807 1861 2846 4

150 2861 353 2914 scelere
380 2880 666 2932 oppressus
696 2869 801 2931 est,
832 2863 1019 2916 eadem
1048 2864 1169 2931 fax,
1193 2880 1330 2933 quae
1366 2861 1519 2913 illum
1546 2860 1819 2927 crema-vit,
