2020 3168
786 199 1134 240 PRAEFATIO.
1760 203 1867 243 xlx

36 323 144 371 Rufi
164 323 242 381 qui
262 325 456 367 vocatur
476 320 612 364 lectio
634 321 826 378 vulgata
846 333 886 365 c.
909 323 965 368 19
985 319 1207 365 ‘Domnes
1225 320 1411 379 quidam
1424 354 1435 374 ,
1468 332 1598 378 quem
1618 331 1708 364 rex
1724 322 1866 366 Arta-

34 395 160 454 9eris
177 391 548 450 praeposuerat’
570 403 628 434 ex
647 391 917 434 coniectura
935 389 1149 446 profecta
1169 394 1265 443 est3
1298 388 1501 446 optimus
1524 389 1628 434 cod.
1648 388 1870 435 Bamber·

37 462 199 522 gensis
219 462 373 506 locum
396 459 463 504 sic
483 458 647 504 habet:
675 458 865 504 Donnes
884 458 1070 516 quidam
1098 470 1232 517 quem
1242 457 1435 516 parthis
1463 460 1645 504 arsacis
1658 471 1866 516 praepo·

9 523 11 526 ’
35 535 208 577 suerat.
234 564 237 566 ψ
258 530 470 582 Lacuna,
492 540 629 587 quam
649 526 819 572 deinde
841 528 887 572 in
906 527 1044 572 Floro
1064 527 1255 573 Iahnius
1281 532 1407 572 recte
1429 526 1678 573 indicavit:
1702 532 1746 571 et
1761 534 1872 572 tunc

34 600 212 660 quidem
226 598 400 645 Caesar
416 601 655 642 recreatas
673 601 822 642 estex
838 597 1026 643 vulnere
1044 599 1093 642 in
1110 601 1288 655 tempus
1307 602 1376 641 set
1384 589 1458 650 **,
1481 609 1538 641 ex
1562 595 1727 641 eodem
1749 595 1868 641 Rufo

38 668 243 727 suppleri
263 671 441 725 potest,
475 667 608 710 cuius
639 667 792 710 locum
823 679 884 710 ex
911 665 1349 724 codiceBamberg.
1372 665 1675 712 mandatum
1691 665 1877 711 adscri-

36 739 169 782 bam:
202 735 343 790 Quem
362 734 616 792 (libellum)
635 735 1009 792 enumerator
1024 733 1265 780 Romanus
1282 737 1452 793 leqeret
1466 737 1677 782 intensius
1690 769 1702 789 ‚
1724 736 1871 781 cultro

23 806 287 864 -adyressus
316 804 481 849 Gaium
507 803 775 849 vulneravit.
829 802 1089 848 Percussor
1118 804 1299 862 quidem
1333 817 1363 847 a
1393 804 1602 849 militibus
1629 803 1874 862 confossus

37 879 128 926 es&
150 874 292 920 Gaius
308 885 370 918 ex
387 873 597 928 vulnere,
617 884 859 931 reyressus
875 874 923 918 in
942 872 1146 931 Syriam,
1167 872 1285 918 obiit.
1304 895 1376 905 --
1394 875 1493 926 103,
1506 875 1564 920 36
1585 875 1749 932 augeri
1761 886 1869 918 con-

37 947 254 990 temneret
270 948 319 988 ut
338 940 565 1000 triumpho
585 942 648 986 H:
679 943 843 1001 auycri
869 946 1209 1000 contempneret
1224 948 1274 987 ut
1298 941 1554 1000 triumphos
1573 943 1634 999 B,
1655 950 1702 988 ut
1710 948 1873 1000 posset

36 1012 290 1072 triumphos
307 1015 592 1058 contemnere
611 1012 651 1057 N
665 1047 676 1067 ,
702 1015 764 1057 -ut
789 1011 1018 1070 triumpho
1037 1012 1203 1070 augeri
1220 1016 1526 1057 contemneret
1546 1011 1598 1058 Ο.
1617 1037 1686 1044 —
1707 1015 1792 1059 104
1806 1048 1816 1066 ,
1838 1018 1867 1059 5

36 1088 80 1128 et
95 1085 269 1128 utinam
280 1086 438 1127 mutua
458 1081 589 1127 clade
599 1086 832 1127 certamen
843 1080 949 1127 BN:
969 1086 1015 1126 et
1027 1082 1230 1126 ultimum
1248 1085 1404 1127 mutua
1423 1081 1556 1126 clade
1575 1088 1810 1128 certamen
1833 1081 1870 1127 Ο

39 1166 144 1197 cum
163 1152 445 1197 editionibus
468 1152 718 1207 veteribus,
740 1164 859 1209 quae
880 1151 991 1196 mihi
1014 1150 1201 1208 quidem
1223 1150 1477 1196 admodum
1498 1151 1658 1196 infelix
1679 1151 1870 1196 mutatio

38 1221 237 1273 videtur.
275 1221 354 1266 Ait
370 1221 562 1266 Florus:
586 1221 752 1265 suisset
772 1233 946 1278 anceps
967 1225 1011 1265 et
1029 1225 1272 1266 cruentum
1292 1223 1525 1265 certamen
1547 1226 1592 1265 et
1613 1223 1720 1274 tale,
1745 1220 1871 1278 quod

39 1290 120 1335 vix
149 1295 307 1335 mutua
337 1289 470 1335 clade
501 1292 600 1335 sore
632 1291 812 1347 sperari
846 1294 1026 1347 posset.
1056 1314 1126 1322 -—
1154 1292 1262 1346 104,
1282 1293 1310 1337 9
1336 1291 1404 1334 sic
1422 1295 1573 1335 tamen
1592 1303 1771 1349 quoque
1791 1290 1869 1335 BN

39 1358 151 1415 (sed
169 1358 206 1403 B
227 1359 453 1418 quoquo):
482 1361 549 1404 sic
566 1370 742 1418 quoque
763 1358 826 1414 03
848 1359 907 1402 cf.
929 1357 990 1403 ad
1009 1371 1052 1416 p.
1075 1361 1145 1413 17,
1169 1365 1209 1406 1.
1231 1381 1302 1390 -—-
1322 1363 1431 1415 104,
1458 1365 1517 1407 22
1538 1361 1777 1405 concilium
1801 1359 1870 1404 H:

39 1429 274 1474 consilium
291 1427 372 1472 BN
375 1426 430 1473 Ο.
447 1451 521 1462 —
542 1431 642 1482 104,
663 1431 723 1475 23
741 1428 870 1472 circa
890 1429 1006 1473 enim
1031 1427 1096 1472 H:
1117 1429 1245 1473 circa
1265 1440 1367 1473 cum
1385 1427 1422 1472 B
1438 1463 1448 1481 ‚
1471 1432 1599 1474 circa
1618 1442 1668 1474 se
1687 1428 1727 1472 N
1743 1465 1753 1483 ‚
1777 1430 1866 1474 cir-

39 1500 270 1544 cumcirca
291 1497 344 1543 0.
375 1519 447 1530 -—-
485 1500 596 1552 104,
617 1502 673 1544 25
702 1498 896 1542 nitentes
912 1499 961 1542 in
982 1495 1273 1560 profundum
1294 1497 1359 1541 H:
1378 1500 1573 1543 nitentes
1591 1501 1639 1544 in
1656 1498 1877 1557 profund

37 1567 92 1623 B,
117 1569 185 1613 sic
212 1569 260 1612 in
277 1566 434 1612 medIa
450 1569 625 1626 pagina
645 1566 897 1623 desinens3
918 1571 969 1613 ut
986 1567 1176 1612 latentes
1193 1569 1240 1612 in
1256 1566 1500 1625 profundo
1520 1567 1561 1612 N
1573 1581 1586 1623 3
1626 1570 1672 1614 vi
1686 1569 1874 1613 latentes

39 1637 85 1683 in
111 1636 351 1696 profundo
379 1636 432 1682 Ο.
464 1663 535 1671 —-
564 1641 672 1693 105,
693 1639 750 1684 14
776 1637 924 1683 dictas
951 1639 1205 1695 imperator
1223 1630 1480 1696 perpetuas
1510 1637 1871 1683 Mommsenius:

38 1706 243 1752 dictator
258 1711 514 1766 perpetuus
540 1706 646 1762 No,
676 1720 815 1764 quam
845 1708 1250 1766 interpolationem
1270 1720 1330 1751 ex
1348 1708 1451 1751 loeo
1468 1709 1715 1767 ¹superiore
1735 1721 1780 1765 p.
1798 1711 1871 1761 89,

42 1779 97 1824 13
134 1777 227 1821 ‘ad
260 1777 347 1822 hoc
370 1782 508 1835 pater
540 1777 639 1835 ipse
657 1778 849 1835 patriae
882 1782 1222 1837 perpetuusque
1248 1776 1463 1823 dictator'
1495 1777 1689 1822 fluxisse
1708 1778 1875 1834 proba-

0 1884 1 1892 ,
44 1845 137 1890 bile
159 1851 243 1890 est.

178 1916 420 1974 Epitomae
450 1916 758 1975 fragmentum
790 1918 841 1961 P.
862 1917 1004 1961 Annii
1025 1917 1173 1971 Flori,
1210 1917 1336 1974 quod
1366 1930 1393 1961 a
1424 1916 1661 1963 Theodoro
1682 1915 1875 1962 Oehlero

40 1984 88 2028 in
108 1984 271 2030 codice
291 1985 583 2030 Bruxellensi
607 1987 849 2031 inventum
860 1985 1136 2031 Bitschelius
1155 1987 1333 2044 primus
1355 1988 1401 2031 in
1423 2000 1546 2033 novo
1569 2001 1732 2032 museo
1752 1985 1873 2031 Rhe-

42 2066 166 2098 nano
192 2054 236 2110 Ι,
262 2069 310 2113 p.
331 2057 421 2103 303
450 2068 551 2113 sqq.
571 2056 857 2113 publicavit,
889 2055 1187 2109 adiciendum
1212 2058 1403 2113 putavi,
1425 2070 1482 2100 ne
1504 2056 1623 2101 haec
1643 2055 1872 2114 praefatio

43 2121 374 2170 declamatoria
395 2125 586 2182 cognitu
608 2124 861 2170 admodum
886 2125 1029 2184 digna
1045 2161 1056 2180 ‚
1079 2124 1308 2184 quidquid
1333 2125 1389 2170 de
1408 2127 1510 2170 eius
1535 2133 1722 2170 auctore
1746 2126 1873 2183 cogi-

42 2197 113 2236 tes
132 2227 144 2248 ,
173 2195 229 2237 ab
257 2194 348 2239 hac
377 2195 655 2252 scriptorum
682 2193 997 2240 Romanorum
1028 2195 1301 2239 collectione
1334 2195 1675 2240 excluderetur.
1735 2195 1870 2251 Quod

43 2261 350 2319 fragmentum
372 2269 420 2308 ut
437 2270 546 2321 post
566 2265 787 2323 egregIas
806 2259 1048 2310 Ritsch'elii
1062 2300 1074 2321 ,
1094 2264 1363 2322 Schopenii,
1388 2265 1533 2310 Iahnii
1556 2278 1693 2310 curas
1718 2277 1875 2309 emen-

43 2330 196 2375 datius
226 2331 368 2378 edere
398 2346 615 2392 possem,
646 2333 798 2380 studio
826 2335 1119 2393 potissimum
1155 2333 1383 2380 Theodori
1405 2333 1694 2380 Mommsenii
1719 2334 1872 2393 perse-

43 2405 164 2445 ctum
186 2407 281 2457 est,
304 2404 381 2460 qui
401 2403 524 2448 hanc
543 2416 726 2462 quoque
748 2405 904 2462 operis
930 2405 1022 2449 mei
1047 2409 1228 2463 partem
1248 2417 1307 2447 ex
1325 2404 1569 2450 doctrinae
1593 2417 1707 2450 suae
1724 2404 1873 2462 copiis

43 2470 185 2515 auxit.
232 2470 451 2518 Codieem
476 2478 627 2517 autem
648 2474 694 2518 in
714 2474 1013 2520 adnotatione
1035 2475 1196 2520 critica
1224 2474 1375 2519 littera
1396 2473 1430 2519 C
1449 2474 1732 2534 SIgnificavi.

114 2584 120 2589 .
183 2542 298 2600 Pag.
322 2547 431 2598 106,
453 2549 477 2590 1
508 2542 739 2601 Spatianti
764 2544 877 2588 mihi
904 2544 1268 2590 Mommsenius:
1308 2544 1517 2602 Capienti
1543 2543 1654 2589 milti
1692 2543 1751 2597 C,
1784 2544 1868 2590 Ca·

33 2610 184 2667 pienti
197 2611 308 2656 mihi
332 2615 522 2671 quietem
543 2612 578 2658 Ο
601 2626 704 2657 cum
727 2610 992 2672 Schopenio
1030 2607 1050 2679 Η
1086 2618 1192 2668 106,
1215 2616 1244 2659 3
1262 2615 1529 2659 salubritate
1549 2613 1870 2671 Schopenius:

42 2679 247 2725 libertate
267 2680 340 2727 CO
379 2675 401 2746 Η
435 2685 541 2735 106,
562 2685 589 2729 9
619 2694 892 2740 recognosco
912 2685 1025 2744 quid
1051 2686 1164 2729 istic.
1196 2683 1271 2728 hic
1289 2683 1650 2728 Mommsenius:
1687 2682 1761 2728 hie
1779 2695 1871 2726 om.

45 2745 105 2804 C;
126 2754 168 2795 te
184 2763 472 2809 recognosco.
526 2749 646 2805 Quid
659 2754 759 2796 istic
781 2751 816 2797 Ο
839 2766 942 2797 cum
964 2753 1231 2811 Schopenio
1260 2746 1282 2816 Η
1307 2757 1403 2807 106,
1426 2759 1480 2800 12
1499 2749 1696 2812 crimini]
1717 2757 1870 2796 certa-

42 2820 155 2864 mini
173 2819 484 2879 Schopenius.
525 2819 590 2865 Cf.
611 2820 836 2866 Ritschel.
855 2836 903 2880 p.
925 2825 1028 2870 307.
1055 2816 1076 2887 Η
1103 2828 1207 2878 106,
1239 2829 1292 2870 12
1312 2826 1418 2866 tune
1440 2835 1512 2875 ες,
1532 2823 1696 2880 inquit,
1717 2822 1791 2866 ille
1809 2833 1871 2864 ex

42 2886 210 2948 Africa
228 2902 359 2949 quem
379 2892 534 2936 malim
560 2885 579 2954 Η
610 2894 706 2946 107,
724 2897 745 2938 1
768 2892 1212 2937 morerRitschelius
1239 2886 1262 2955 Η
1290 2895 1386 2947 107,
1402 2896 1429 2937 2
1450 2896 1578 2937 actus
1603 2896 1868 2949 corruptum
