2020 3168
704 193 747 260 I,
774 194 999 253 217-—22
1019 191 1098 264 [11‚
1121 192 1310 268 5—6].
1769 195 1836 248 29

172 333 309 387 sein
326 330 595 402 Hispania
622 332 793 386 movit
821 329 917 382 illa
938 329 1125 399 gravis
1154 336 1206 381 et
1234 329 1480 383 luctuosa
1495 330 1689 383 Punici
1707 330 1839 383 belli

169 403 255 455 vis
273 400 344 453 ad
380 417 449 452 ue
465 406 757 471 tempestas
775 399 1205 469 destinatumque
1222 398 1478 451 Romanis
1497 400 1605 451 iam
1623 399 1718 452 diu
1735 400 1837 452 ful-

168 488 295 523 men
371 470 630 538 aguntino
666 470 792 538 igne
832 466 1113 534 conflavit,
1151 469 1333 520 statim
1368 467 1603 539 quodam
1635 469 1839 538 impetu

170 546 325 610 rapta
343 537 549 591 medias
567 537 750 609 perfre
792 538 832 589 't
847 535 1019 606 Alpes
1048 543 1102 588 et
1129 537 1187 588 in
1203 535 1419 589 Italiam
1448 535 1517 590 ab
1548 536 1658 589 illis
1683 537 1837 589 fabu-

132 624 152 656 5
172 609 319 661 losae
338 606 638 660 altitudinis
657 555 876 658 nivffius
896 604 1047 657 velut
1065 604 1215 658 caelo
1233 605 1400 657 missa
1419 605 1715 658 descendit.

308 676 392 728 Ac
407 676 570 746 primi
588 674 808 745 quidem
831 675 1064 743 impetus
1091 673 1249 727 turbo
1279 674 1419 727 inter
1437 674 1648 727 Padum
1676 683 1837 746 atque
1858 685 1912 727 10

170 745 421 797 Ticinum
447 743 631 796 valido
661 743 843 794 statim
871 742 1088 822 fragore
1128 741 1389 794 detonuit.
1442 751 1558 795 tum
1586 742 1837 824 Scipione

169 814 308 866 duce
325 812 480 865 fusus
501 812 799 879 exercitus3
830 825 1044 863 sauc1us
1074 810 1236 862 etiam
1265 810 1382 880 ipse
1417 812 1654 863 venisset
1671 831 1729 864 m
1747 813 1837 865 ho-

169 883 332 934 stium
349 896 539 934 manus
557 881 863 950 imperator,
893 879 1002 931 nisi
1026 885 1327 950 protectum
1356 888 1565 950 patrem
1591 888 1838 950 praetex-

114 966 156 1001 ιο
169 958 313 1004 tatus
341 950 631 1004 admodum
658 948 802 1000 filius
833 948 902 1001 ab
930 949 1051 1018 ipsa
1077 954 1248 1001 morte
1278 949 1563 1019 rapuisset.
1622 949 1709 1003 hic
1738 951 1839 1003 erit
1863 955 1914 996 ll

169 1019 367 1090 Scipio,
400 1020 580 1102 quiin
608 1019 835 1070 exitium
851 1017 1074 1070 Africae
1106 1018 1323 1084 crescit,
1354 1035 1549 1070 nomen
1581 1036 1652 1071 ex
1682 1019 1836 1072 malis

168 1090 285 1141 eius
302 1088 600 1141 habiturus,
1224 1100 1227 1104 '

309 1157 499 1211 Ticino
527 1156 729 1209 Trebia
766 1155 1022 1209 succedit.
1081 1155 1170 1208 hic
1210 1156 1448 1209 secunda
1476 1157 1668 1209 Punici
1702 1157 1834 1210 belli
1855 1167 1906 1208 12

206 1226 408 1281 rocella
443 1227 688 1279 desaevit
715 1225 1032 1296 Sempronio
1074 1225 1311 1278 consule.
1361 1234 1475 1278 tum
1503 1225 1839 1279 callidissimi

115 1315 157 1349 ιε
210 1304 369 1362 osteS,
389 1295 651 1364 frigidum
669 1302 722 1347 et
743 1294 981 1347 nivalem
997 1295 1181 1346 nancti
1203 1295 1360 1362 diem,
1391 1314 1513 1347 cum
1532 1314 1590 1347 se
1619 1296 1836 1365 ignibus

167 1366 318 1436 prius
348 1363 573 1434 oleoque
600 1363 867 1416 fovissent
883 1394 955 1403 —
980 1363 1239 1416 horribile
1270 1363 1417 1416 dictu
1435 1395 1505 1405 -—-
1533 1364 1775 1417 homines
1805 1383 1838 1417 a

166 1433 392 1486 meridie
412 1439 465 1484 et
485 1432 598 1485 sole
617 1433 914 1498 venienteS,
934 1439 1121 1485 nostra
1139 1450 1238 1485 nos
1257 1431 1433 1484 hieme
1451 1434 1715 1486 vicerunt.

307 1501 711 1554 Trasumennus
732 1502 907 1568 lacuS,
936 1503 1157 1553 tertium
1177 1501 1383 1553 fulmen
1398 1501 1688 1554 Annibalis
1699 1543 1714 1569 ,
1741 1504 1835 1555 im·
1857 1511 1907 1553 13

208 1579 417 1624 eratore
434 1571 702 1640 Flaminio
732 1588 820 1622 ars
835 1588 978 1624 nova
996 1570 1234 1623 Punicae
1253 1570 1479 1622 fraudis,
1528 1571 1727 1642 quippe
1746 1590 1835 1624 ne-

110 1655 154 1689 20
167 1591 298 1694 bula
315 1641 464 1693 lacus
481 1640 920 1711 palustribusque
938 1639 1192 1709 virgultis
1210 1647 1382 1691 tectus
1403 1640 1670 1710 equitatus
1682 1648 1836 1710 terga

169 1710 346 1763 subito
373 1711 730 1780 pugnantium
758 1710 975 1762 invasit.
1013 1727 1115 1761 nec
1146 1708 1214 1760 de
1236 1708 1320 1760 dis
1349 1726 1634 1778 possumus
1656 1711 1824 1780 queri.
1843 1726 1896 1767 14

167 1780 518 1831 inminentem
551 1780 837 1832 temerario
874 1778 1000 1831 duci
1037 1778 1247 1830 cladem
1290 1778 1675 1848 praedixerant
1708 1780 1836 1831 insi·

169 1849 351 1901 den-tia
370 1849 539 1916 signis
560 1850 809 1901 examina
827 1855 881 1900 et
898 1847 1110 1918 aquilae
1128 1846 1345 1918 prodire
1364 1846 1607 1900 nolentes
1628 1855 1680 1900 et
1699 1866 1836 1901 com-

166 1919 388 1969 missam
418 1917 589 1969 aciem
620 1924 834 1969 secutus
866 1918 1058 1985 ingens
1087 1925 1264 1969 terrae
1292 1924 1519 1984 tremor3
1550 1917 1658 1969 nisi
1684 1916 1838 1970 illum

111 2003 156 2036 25
170 1985 449 2040 horrorem
470 1986 570 2038 soli
590 1988 829 2056 equitum
847 1986 1191 2057 virorumque
1212 1986 1489 2038 discursus
1511 1993 1564 2038 et
1582 1992 1728 2039 mota
1745 2004 1834 2038 ve-

167 2055 468 2107 hementius
489 2072 638 2106 arma
657 2055 917 2107 fecerunt.
1416 2086 1421 2094 ‹

308 2122 573 2189 Quartum
590 2123 647 2176 id
673 2131 754 2176 est
773 2142 945 2193 paene
975 2123 1221 2176 ultimum
1240 2123 1434 2176 volnus
1465 2124 1677 2204 imperii
1699 2124 1836 2178 Can·
1857 2143 1909 2185 15

167 2211 296 2259 nae,
333 2192 588 2261 ignobilis
628 2192 861 2263 Apuliae
898 2194 1078 2261 vicus3
1126 2193 1224 2246 sed
1258 2192 1630 2261 magnitudlne
1666 2193 1835 2245 cladis

169 2263 388 2315 emersit
407 2269 460 2313 et
479 2263 762 2331 sexaginta
788 2262 996 2315 milium
1017 2262 1180 2315 caede
1200 2270 1356 2332 parta
1373 2260 1646 2314 nobilitas,
1684 2262 1762 2314 ibi
1780 2263 1838 2314 in

112 2347 156 2381 so
173 2330 445 2384 excidium
479 2330 712 2383 infelicis
745 2333 1014 2384 exercitus
1050 2331 1184 2398 dux,
1225 2339 1395 2397 terra,
1435 2330 1666 2397 caelum,
1704 2331 1836 2397 dies,

166 2408 283 2453 tota
314 2417 496 2451 rerum
524 2408 717 2452 natura
751 2402 1039 2454 consensit.
1091 2402 1138 2452 si
1171 2400 1389 2472 quidem
1416 2417 1525 2452 non
1554 2407 1834 2453 contentus
1857 2421 1908 2462 16

169 2468 433 2521 simulatis
450 2469 747 2538 transfugis
765 2469 1022 2537 Annibal,
1054 2471 1147 2542 qui
1163 2488 1292 2523 mox
1307 2476 1462 2539 terga
1480 2471 1836 2539 pugnantium

168 2537 504 2604 ceciderunt,
554 2538 775 2609 insuper
821 2538 1049 2592 callidus
1097 2540 1389 2610 imperator
1434 2539 1492 2590 in
1528 2538 1836 2609 patentibus

169 2624 288 2660 cam
327 2607 389 2672 ie,
420 2607 706 2659 observato
727 2607 833 2660 loci
849 2609 1083 2678 ingenio,
1113 2608 1258 2680 quod
1276 2616 1329 2662 et
1349 2607 1429 2661 sol
1448 2607 1527 2660 ibi
1545 2608 1836 2660 acerrimus

113 2693 156 2727 35
172 2682 276 2744 etp
299 2677 503 2727 urimus
533 2677 715 2746 pulvis
746 2684 799 2729 et
828 2695 989 2730 eurus
1019 2678 1088 2731 ab
1116 2679 1321 2731 oriente
1338 2694 1564 2747 semper
1590 2677 1743 2746 quasi
1769 2694 1839 2728 ex

169 2745 484 2811 constituto,
522 2746 597 2797 ita
637 2747 893 2798 instruxit
928 2748 1124 2813 aciem,
1166 2755 1240 2814 ut,
1280 2747 1535 2800 Romanis
1574 2746 1836 2797 adversus

168 2812 302 2865 haec
340 2816 519 2866 omnia
557 2814 828 2881 obversiS‚
870 2817 1165 2869 secundum
1202 2816 1411 2869 caelum
1444 2822 1635 2866 tenens
1674 2820 1835 2866 vento

167 2881 393 2951 pulvere
423 2890 475 2935 et
506 2883 618 2935 sole
637 2892 919 2954 pugnaret.
965 2886 1147 2956 itaque
1173 2886 1278 2938 duo
1312 2884 1534 2937 maximi
1565 2883 1834 2935 exercitus
1857 2897 1906 2937 17
