<?xml version="1.0" encoding="UTF-8"?>
<!DOCTYPE html PUBLIC "-//W3C//DTD XHTML 1.0 Transitional//EN"
    "http://www.w3.org/TR/xhtml1/DTD/xhtml1-transitional.dtd">
<html xmlns="http://www.w3.org/1999/xhtml" xml:lang="en" lang="en">
 <head>
  <title>
</title>
<meta http-equiv="Content-Type" content="text/html;charset=utf-8" />
  <meta name='ocr-system' content='tesseract 3.04.00' />
  <meta name='ocr-capabilities' content='ocr_page ocr_carea ocr_par ocr_line ocrx_word'/>
</head>
<body>
  <div class='ocr_page' id='page_1' title='image "./epitomaedetitoli00floruoft_0156.png"; bbox 0 0 2020 3168; ppageno 0'>
   <div class='ocr_carea' id='block_1_1' title="bbox 143 242 1241 282">
    <p class='ocr_par' dir='ltr' id='par_1_1' title="bbox 143 242 1241 282">
     <span class='ocr_line' id='line_1_1' title="bbox 143 242 1241 282; baseline 0.005 -7"><span class='ocrx_word' id='word_1_1' title='bbox 143 243 210 282; x_wconf 73' lang='grc' dir='ltr'><strong><em>Ἥ</em></strong></span> <span class='ocrx_word' id='word_1_2' title='bbox 895 242 1222 281; x_wconf 80' lang='lat' dir='ltr'>PRAEFATIO</span> <span class='ocrx_word' id='word_1_3' title='bbox 1229 268 1241 280; x_wconf 91' lang='lat'>.</span> 
     </span>
    </p>
   </div>
   <div class='ocr_carea' id='block_1_2' title="bbox 145 353 2020 3051">
    <p class='ocr_par' dir='ltr' id='par_1_2' title="bbox 145 353 2020 906">
     <span class='ocr_line' id='line_1_2' title="bbox 145 353 1962 423; baseline 0 -17"><span class='ocrx_word' id='word_1_4' title='bbox 145 359 303 406; x_wconf 75' lang='lat' dir='ltr'>Rhodi</span> <span class='ocrx_word' id='word_1_5' title='bbox 322 361 385 416; x_wconf 93' lang='lat' dir='ltr'>E;</span> <span class='ocrx_word' id='word_1_6' title='bbox 413 361 471 405; x_wconf 79' lang='lat' dir='ltr'>cf.</span> <span class='ocrx_word' id='word_1_7' title='bbox 501 360 651 407; x_wconf 84' lang='lat' dir='ltr'>Strab.</span> <span class='ocrx_word' id='word_1_8' title='bbox 677 360 798 405; x_wconf 87' lang='lat' dir='ltr'><strong>XIV.</strong></span> <span class='ocrx_word' id='word_1_9' title='bbox 829 374 877 418; x_wconf 92' lang='lat' dir='ltr'>p.</span> <span class='ocrx_word' id='word_1_10' title='bbox 894 362 980 407; x_wconf 89' lang='grc'>676</span> <span class='ocrx_word' id='word_1_11' title='bbox 1013 353 1035 423; x_wconf 91' lang='grc' dir='ltr'>Η</span> <span class='ocrx_word' id='word_1_12' title='bbox 1074 364 1132 408; x_wconf 87' lang='grc'>30</span> <span class='ocrx_word' id='word_1_13' title='bbox 1161 361 1326 416; x_wconf 86' lang='lat' dir='ltr'>[caelo]</span> <span class='ocrx_word' id='word_1_14' title='bbox 1354 362 1590 422; x_wconf 83' lang='lat' dir='ltr'>glossema</span> <span class='ocrx_word' id='word_1_15' title='bbox 1617 365 1664 405; x_wconf 92' lang='lat' dir='ltr'>ut</span> <span class='ocrx_word' id='word_1_16' title='bbox 1691 375 1832 419; x_wconf 87' lang='lat' dir='ltr'>supra</span> <span class='ocrx_word' id='word_1_17' title='bbox 1851 374 1962 419; x_wconf 87' lang='lat' dir='ltr'>quo-</span> 
     </span>
     <span class='ocr_line' id='line_1_3' title="bbox 146 428 1962 488; baseline 0 -14"><span class='ocrx_word' id='word_1_18' title='bbox 146 443 236 488; x_wconf 90' lang='lat' dir='ltr'>que</span> <span class='ocrx_word' id='word_1_19' title='bbox 265 433 291 482; x_wconf 73' lang='lat' dir='ltr'>S</span> <span class='ocrx_word' id='word_1_20' title='bbox 321 434 399 476; x_wconf 84' lang='lat'>15:</span> <span class='ocrx_word' id='word_1_21' title='bbox 438 431 497 475; x_wconf 82' lang='lat' dir='ltr'>cs.</span> <span class='ocrx_word' id='word_1_22' title='bbox 524 430 633 474; x_wconf 84' lang='lat' dir='ltr'>Isid.</span> <span class='ocrx_word' id='word_1_23' title='bbox 668 429 795 487; x_wconf 83' lang='lat' dir='ltr'>Orig.</span> <span class='ocrx_word' id='word_1_24' title='bbox 819 429 941 485; x_wconf 83' lang='lat' dir='ltr'>XVI,</span> <span class='ocrx_word' id='word_1_25' title='bbox 965 432 1019 475; x_wconf 82' lang='lat'>4:</span> <span class='ocrx_word' id='word_1_26' title='bbox 1052 429 1289 486; x_wconf 69' lang='lat' dir='ltr'>‘Denique</span> <span class='ocrx_word' id='word_1_27' title='bbox 1323 430 1370 472; x_wconf 89' lang='lat' dir='ltr'>in</span> <span class='ocrx_word' id='word_1_28' title='bbox 1399 430 1566 486; x_wconf 87' lang='lat' dir='ltr'>templo</span> <span class='ocrx_word' id='word_1_29' title='bbox 1594 429 1794 487; x_wconf 90' lang='lat' dir='ltr'>quodam</span> <span class='ocrx_word' id='word_1_30' title='bbox 1820 428 1962 475; x_wconf 80' lang='lat' dir='ltr'>fuisse</span> 
     </span>
     <span class='ocr_line' id='line_1_4' title="bbox 152 497 1962 558; baseline 0 -15"><span class='ocrx_word' id='word_1_31' title='bbox 152 499 348 543; x_wconf 86' lang='lat' dir='ltr'>Veneris</span> <span class='ocrx_word' id='word_1_32' title='bbox 372 499 525 543; x_wconf 81' lang='lat' dir='ltr'>sanum</span> <span class='ocrx_word' id='word_1_33' title='bbox 552 498 722 553; x_wconf 90' lang='lat' dir='ltr'>dicunt,</span> <span class='ocrx_word' id='word_1_34' title='bbox 746 498 901 555; x_wconf 84' lang='lat' dir='ltr'><strong>ibique</strong></span> <span class='ocrx_word' id='word_1_35' title='bbox 926 497 1257 543; x_wconf 88' lang='lat' dir='ltr'>candelabrum</span> <span class='ocrx_word' id='word_1_36' title='bbox 1281 502 1324 542; x_wconf 80' lang='lat' dir='ltr'>et</span> <span class='ocrx_word' id='word_1_37' title='bbox 1344 498 1391 541; x_wconf 90' lang='lat' dir='ltr'>in</span> <span class='ocrx_word' id='word_1_38' title='bbox 1411 512 1466 542; x_wconf 91' lang='lat' dir='ltr'>eo</span> <span class='ocrx_word' id='word_1_39' title='bbox 1490 499 1726 558; x_wconf 86' lang='lat' dir='ltr'>lucernam</span> <span class='ocrx_word' id='word_1_40' title='bbox 1747 500 1829 543; x_wconf 88' lang='lat' dir='ltr'>sub</span> <span class='ocrx_word' id='word_1_41' title='bbox 1851 499 1962 543; x_wconf 90' lang='lat' dir='ltr'>divo</span> 
     </span>
     <span class='ocr_line' id='line_1_5' title="bbox 153 559 2020 632; baseline 0.001 -20"><span class='ocrx_word' id='word_1_42' title='bbox 153 569 223 612; x_wconf 84' lang='lat' dir='ltr'>sic</span> <span class='ocrx_word' id='word_1_43' title='bbox 250 566 515 621; x_wconf 82' lang='lat' dir='ltr'>ardentem,</span> <span class='ocrx_word' id='word_1_44' title='bbox 549 572 597 611; x_wconf 90' lang='lat' dir='ltr'>ut</span> <span class='ocrx_word' id='word_1_45' title='bbox 623 580 725 611; x_wconf 83' lang='lat' dir='ltr'>eam</span> <span class='ocrx_word' id='word_1_46' title='bbox 746 568 870 611; x_wconf 88' lang='lat' dir='ltr'>nulla</span> <span class='ocrx_word' id='word_1_47' title='bbox 899 571 1175 625; x_wconf 80' lang='lat' dir='ltr'>tempestas,</span> <span class='ocrx_word' id='word_1_48' title='bbox 1195 559 1348 611; x_wconf 88' lang='lat' dir='ltr'>nullus</span> <span class='ocrx_word' id='word_1_49' title='bbox 1374 567 1519 612; x_wconf 87' lang='lat' dir='ltr'>imber</span> <span class='ocrx_word' id='word_1_50' title='bbox 1539 561 1891 625; x_wconf 62' lang='lat' dir='ltr'>exstingueret?</span> <span class='ocrx_word' id='word_1_51' title='bbox 1919 562 1942 632; x_wconf 95' lang='grc' dir='ltr'>Η</span> <span class='ocrx_word' id='word_1_52' title='bbox 2019 594 2020 623; x_wconf 47' lang='lat'>2</span> 
     </span>
     <span class='ocr_line' id='line_1_6' title="bbox 145 626 2020 694; baseline -0.001 -13"><span class='ocrx_word' id='word_1_53' title='bbox 145 641 201 683; x_wconf 86' lang='lat'>31</span> <span class='ocrx_word' id='word_1_54' title='bbox 231 636 437 694; x_wconf 79' lang='lat' dir='ltr'>Baryylo</span> <span class='ocrx_word' id='word_1_55' title='bbox 470 635 572 681; x_wconf 89' lang='lat' dir='ltr'>Car.</span> <span class='ocrx_word' id='word_1_56' title='bbox 604 635 719 681; x_wconf 91' lang='lat' dir='ltr'>Lud.</span> <span class='ocrx_word' id='word_1_57' title='bbox 751 634 872 680; x_wconf 88' lang='lat' dir='ltr'>Roth</span> <span class='ocrx_word' id='word_1_58' title='bbox 901 636 1007 680; x_wconf 90' lang='lat' dir='ltr'>coll.</span> <span class='ocrx_word' id='word_1_59' title='bbox 1036 637 1199 694; x_wconf 85' lang='lat' dir='ltr'><strong>Polyb.</strong></span> <span class='ocrx_word' id='word_1_60' title='bbox 1231 630 1351 679; x_wconf 90' lang='lat' dir='ltr'>XVI.</span> <span class='ocrx_word' id='word_1_61' title='bbox 1382 631 1437 683; x_wconf 77' lang='lat'>12</span> <span class='ocrx_word' id='word_1_62' title='bbox 1475 640 1519 679; x_wconf 91' lang='lat' dir='ltr'>et</span> <span class='ocrx_word' id='word_1_63' title='bbox 1545 637 1594 680; x_wconf 88' lang='lat' dir='ltr'>P.</span> <span class='ocrx_word' id='word_1_64' title='bbox 1630 637 1751 680; x_wconf 85' lang='lat' dir='ltr'>Mela</span> <span class='ocrx_word' id='word_1_65' title='bbox 1783 641 1836 692; x_wconf 85' lang='lat'>1,</span> <span class='ocrx_word' id='word_1_66' title='bbox 1877 642 1961 686; x_wconf 87' lang='lat'>16:</span> <span class='ocrx_word' id='word_1_67' title='bbox 2019 626 2020 683; x_wconf 53' lang='grc' dir='ltr'>ἶ</span> 
     </span>
     <span class='ocr_line' id='line_1_7' title="bbox 145 694 2020 770; baseline 0.001 -20"><span class='ocrx_word' id='word_1_68' title='bbox 145 707 333 763; x_wconf 85' lang='lat' dir='ltr'>Argyro</span> <span class='ocrx_word' id='word_1_69' title='bbox 366 704 436 749; x_wconf 75' lang='grc' dir='ltr'>ΟΕ</span> <span class='ocrx_word' id='word_1_70' title='bbox 461 698 482 770; x_wconf 95' lang='grc' dir='ltr'>Η</span> <span class='ocrx_word' id='word_1_71' title='bbox 509 709 567 764; x_wconf 86' lang='grc'>34</span> <span class='ocrx_word' id='word_1_72' title='bbox 596 706 839 763; x_wconf 74' lang='lat' dir='ltr'>exstinyuit</span> <span class='ocrx_word' id='word_1_73' title='bbox 860 701 945 749; x_wconf 84' lang='lat' dir='ltr'>nec</span> <span class='ocrx_word' id='word_1_74' title='bbox 969 705 1124 761; x_wconf 86' lang='lat' dir='ltr'>pluvia</span> <span class='ocrx_word' id='word_1_75' title='bbox 1162 701 1474 763; x_wconf 79' lang='lat' dir='ltr'>asparyitW:</span> <span class='ocrx_word' id='word_1_76' title='bbox 1522 706 1730 764; x_wconf 79' lang='lat' dir='ltr'>asparyit</span> <span class='ocrx_word' id='word_1_77' title='bbox 1750 717 1836 750; x_wconf 93' lang='lat' dir='ltr'>nec</span> <span class='ocrx_word' id='word_1_78' title='bbox 1855 707 1962 764; x_wconf 86' lang='lat' dir='ltr'>plu·</span> <span class='ocrx_word' id='word_1_79' title='bbox 2019 694 2020 721; x_wconf 67' lang='lat'>³</span> 
     </span>
     <span class='ocr_line' id='line_1_8' title="bbox 145 767 1962 837; baseline 0 -17"><span class='ocrx_word' id='word_1_80' title='bbox 145 778 220 820; x_wconf 83' lang='lat' dir='ltr'>via</span> <span class='ocrx_word' id='word_1_81' title='bbox 244 776 487 833; x_wconf 76' lang='lat' dir='ltr'>exstinyuic</span> <span class='ocrx_word' id='word_1_82' title='bbox 511 772 608 829; x_wconf 90' lang='lat' dir='ltr'>CE;</span> <span class='ocrx_word' id='word_1_83' title='bbox 640 775 699 818; x_wconf 83' lang='lat' dir='ltr'>cs.</span> <span class='ocrx_word' id='word_1_84' title='bbox 726 773 880 835; x_wconf 88' lang='lat' dir='ltr'>Isid.l.</span> <span class='ocrx_word' id='word_1_85' title='bbox 897 775 925 818; x_wconf 90' lang='grc' dir='ltr'>Ι.</span> <span class='ocrx_word' id='word_1_86' title='bbox 955 768 976 836; x_wconf 99' lang='grc' dir='ltr'>Η</span> <span class='ocrx_word' id='word_1_87' title='bbox 1001 778 1056 821; x_wconf 83' lang='grc'>35</span> <span class='ocrx_word' id='word_1_88' title='bbox 1081 785 1106 817; x_wconf 91' lang='lat' dir='ltr'>e</span> <span class='ocrx_word' id='word_1_89' title='bbox 1129 767 1336 819; x_wconf 86' lang='lat' dir='ltr'>columna</span> <span class='ocrx_word' id='word_1_90' title='bbox 1362 773 1424 818; x_wconf 90' lang='lat' dir='ltr'>D:</span> <span class='ocrx_word' id='word_1_91' title='bbox 1452 775 1661 818; x_wconf 85' lang='lat' dir='ltr'>columna</span> <span class='ocrx_word' id='word_1_92' title='bbox 1687 772 1721 819; x_wconf 91' lang='lat' dir='ltr'>C</span> <span class='ocrx_word' id='word_1_93' title='bbox 1744 768 1765 837; x_wconf 93' lang='grc' dir='ltr'>Η</span> <span class='ocrx_word' id='word_1_94' title='bbox 1792 777 1848 822; x_wconf 86' lang='grc'>37</span> <span class='ocrx_word' id='word_1_95' title='bbox 1867 776 1962 820; x_wconf 81' lang='lat' dir='ltr'>bal·</span> 
     </span>
     <span class='ocr_line' id='line_1_9' title="bbox 147 836 1152 906; baseline -0.002 -18"><span class='ocrx_word' id='word_1_96' title='bbox 147 846 220 888; x_wconf 87' lang='lat' dir='ltr'>len</span> <span class='ocrx_word' id='word_1_97' title='bbox 250 865 274 891; x_wconf 66' lang='lat' dir='ltr'>ak</span> <span class='ocrx_word' id='word_1_98' title='bbox 291 865 315 891; x_wconf 62' lang='lat' dir='ltr'>a:</span> <span class='ocrx_word' id='word_1_99' title='bbox 341 837 362 906; x_wconf 92' lang='grc' dir='ltr'>Η</span> <span class='ocrx_word' id='word_1_100' title='bbox 389 842 654 902; x_wconf 85' lang='lat' dir='ltr'>Maynesiae</span> <span class='ocrx_word' id='word_1_101' title='bbox 678 843 741 887; x_wconf 89' lang='lat' dir='ltr'>D:</span> <span class='ocrx_word' id='word_1_102' title='bbox 773 843 1046 888; x_wconf 84' lang='lat' dir='ltr'>marmesiae</span> <span class='ocrx_word' id='word_1_103' title='bbox 1072 842 1105 887; x_wconf 92' lang='lat' dir='ltr'>C</span> <span class='ocrx_word' id='word_1_104' title='bbox 1131 836 1152 906; x_wconf 96' lang='grc' dir='ltr'>Η</span> 
     </span>
    </p>

    <p class='ocr_par' dir='ltr' id='par_1_3' title="bbox 146 904 2020 2216">
     <span class='ocr_line' id='line_1_10' title="bbox 289 904 1938 977; baseline -0.002 -18"><span class='ocrx_word' id='word_1_105' title='bbox 289 911 335 968; x_wconf 86' lang='grc'>9,</span> <span class='ocrx_word' id='word_1_106' title='bbox 364 919 392 960; x_wconf 98' lang='grc'>2</span> <span class='ocrx_word' id='word_1_107' title='bbox 418 913 576 968; x_wconf 86' lang='lat' dir='ltr'>movet]</span> <span class='ocrx_word' id='word_1_108' title='bbox 611 926 671 956; x_wconf 82' lang='lat' dir='ltr'>an</span> <span class='ocrx_word' id='word_1_109' title='bbox 697 904 929 958; x_wconf 82' lang='lat' dir='ltr'>movetur?</span> <span class='ocrx_word' id='word_1_110' title='bbox 976 914 1033 956; x_wconf 87' lang='lat' dir='ltr'>cf.</span> <span class='ocrx_word' id='word_1_111' title='bbox 1061 925 1202 969; x_wconf 86' lang='lat' dir='ltr'>supra</span> <span class='ocrx_word' id='word_1_112' title='bbox 1226 915 1251 964; x_wconf 64' lang='grc' dir='ltr'><strong>ς</strong></span> <span class='ocrx_word' id='word_1_113' title='bbox 1277 914 1304 959; x_wconf 87' lang='grc'>9</span> <span class='ocrx_word' id='word_1_114' title='bbox 1330 905 1351 976; x_wconf 95' lang='grc' dir='ltr'>Η</span> <span class='ocrx_word' id='word_1_115' title='bbox 1385 915 1414 959; x_wconf 86' lang='grc'>3</span> <span class='ocrx_word' id='word_1_116' title='bbox 1440 913 1566 957; x_wconf 80' lang='lat' dir='ltr'>aedis</span> <span class='ocrx_word' id='word_1_117' title='bbox 1592 911 1650 957; x_wconf 87' lang='lat' dir='ltr'>C:</span> <span class='ocrx_word' id='word_1_118' title='bbox 1687 913 1823 958; x_wconf 86' lang='lat' dir='ltr'>aedes</span> <span class='ocrx_word' id='word_1_119' title='bbox 1845 913 1881 956; x_wconf 95' lang='lat' dir='ltr'>E</span> <span class='ocrx_word' id='word_1_120' title='bbox 1915 906 1938 977; x_wconf 94' lang='grc' dir='ltr'>Η</span> 
     </span>
     <span class='ocr_line' id='line_1_11' title="bbox 146 974 1964 1045; baseline 0 -18"><span class='ocrx_word' id='word_1_121' title='bbox 146 988 215 1027; x_wconf 75' lang='lat' dir='ltr'>est</span> <span class='ocrx_word' id='word_1_122' title='bbox 253 998 345 1027; x_wconf 89' lang='lat' dir='ltr'>om.</span> <span class='ocrx_word' id='word_1_123' title='bbox 370 984 407 1027; x_wconf 91' lang='lat' dir='ltr'>E</span> <span class='ocrx_word' id='word_1_124' title='bbox 442 977 463 1044; x_wconf 87' lang='grc' dir='ltr'>Η</span> <span class='ocrx_word' id='word_1_125' title='bbox 502 977 532 1027; x_wconf 86' lang='grc'>4</span> <span class='ocrx_word' id='word_1_126' title='bbox 565 981 628 1025; x_wconf 86' lang='lat' dir='ltr'>ibi</span> <span class='ocrx_word' id='word_1_127' title='bbox 650 983 710 1036; x_wconf 82' lang='lat' dir='ltr'>et]</span> <span class='ocrx_word' id='word_1_128' title='bbox 750 984 808 1025; x_wconf 70' lang='lat' dir='ltr'>an</span> <span class='ocrx_word' id='word_1_129' title='bbox 833 981 894 1026; x_wconf 86' lang='lat' dir='ltr'>ibi</span> <span class='ocrx_word' id='word_1_130' title='bbox 919 986 987 1026; x_wconf 84' lang='lat' dir='ltr'>esc</span> <span class='ocrx_word' id='word_1_131' title='bbox 1012 979 1034 1025; x_wconf 80' lang='lat'>⁴?</span> <span class='ocrx_word' id='word_1_132' title='bbox 1069 974 1092 1043; x_wconf 93' lang='grc' dir='ltr'>Η</span> <span class='ocrx_word' id='word_1_133' title='bbox 1123 987 1149 1027; x_wconf 85' lang='lat'>5</span> <span class='ocrx_word' id='word_1_134' title='bbox 1186 993 1248 1025; x_wconf 79' lang='lat' dir='ltr'>ex</span> <span class='ocrx_word' id='word_1_135' title='bbox 1276 982 1484 1025; x_wconf 86' lang='lat' dir='ltr'>erocalco</span> <span class='ocrx_word' id='word_1_136' title='bbox 1519 974 1541 1045; x_wconf 95' lang='grc' dir='ltr'>Η</span> <span class='ocrx_word' id='word_1_137' title='bbox 1574 981 1679 1026; x_wconf 89' lang='lat' dir='ltr'>rodi</span> <span class='ocrx_word' id='word_1_138' title='bbox 1702 980 1761 1036; x_wconf 91' lang='lat' dir='ltr'>C;</span> <span class='ocrx_word' id='word_1_139' title='bbox 1799 981 1964 1027; x_wconf 78' lang='lat' dir='ltr'>Rhodo</span> 
     </span>
     <span class='ocr_line' id='line_1_12' title="bbox 147 1043 1963 1115; baseline -0.001 -19"><span class='ocrx_word' id='word_1_140' title='bbox 147 1052 184 1095; x_wconf 91' lang='lat' dir='ltr'>E</span> <span class='ocrx_word' id='word_1_141' title='bbox 209 1045 231 1115; x_wconf 95' lang='grc' dir='ltr'>Η</span> <span class='ocrx_word' id='word_1_142' title='bbox 258 1053 524 1096; x_wconf 77' lang='lat' dir='ltr'>colossicam</span> <span class='ocrx_word' id='word_1_143' title='bbox 553 1050 601 1095; x_wconf 89' lang='lat' dir='ltr'>C.</span> <span class='ocrx_word' id='word_1_144' title='bbox 628 1052 700 1106; x_wconf 82' lang='lat' dir='ltr'>Fr.</span> <span class='ocrx_word' id='word_1_145' title='bbox 728 1049 1042 1105; x_wconf 12' lang='lat' dir='ltr'>Hermvannus:</span> <span class='ocrx_word' id='word_1_146' title='bbox 1071 1051 1233 1095; x_wconf 80' lang='lat' dir='ltr'>colossi</span> <span class='ocrx_word' id='word_1_147' title='bbox 1257 1048 1326 1093; x_wconf 91' lang='lat' dir='ltr'>CE</span> <span class='ocrx_word' id='word_1_148' title='bbox 1361 1043 1383 1113; x_wconf 96' lang='grc' dir='ltr'>Η</span> <span class='ocrx_word' id='word_1_149' title='bbox 1416 1052 1444 1094; x_wconf 88' lang='grc'><strong>6</strong></span> <span class='ocrx_word' id='word_1_150' title='bbox 1469 1051 1607 1102; x_wconf 83' lang='lat' dir='ltr'>altum</span> <span class='ocrx_word' id='word_1_151' title='bbox 1634 1047 1714 1104; x_wconf 85' lang='lat'>**]</span> <span class='ocrx_word' id='word_1_152' title='bbox 1749 1052 1963 1095; x_wconf 84' lang='lat' dir='ltr'>lacunam</span> 
     </span>
     <span class='ocr_line' id='line_1_13' title="bbox 147 1112 1962 1183; baseline -0.001 -18"><span class='ocrx_word' id='word_1_153' title='bbox 147 1122 267 1166; x_wconf 82' lang='lat' dir='ltr'>vidit</span> <span class='ocrx_word' id='word_1_154' title='bbox 297 1121 503 1164; x_wconf 86' lang='lat' dir='ltr'>Halmius</span> <span class='ocrx_word' id='word_1_155' title='bbox 544 1112 566 1183; x_wconf 95' lang='grc' dir='ltr'>Η</span> <span class='ocrx_word' id='word_1_156' title='bbox 602 1123 629 1167; x_wconf 89' lang='grc'><strong>9</strong></span> <span class='ocrx_word' id='word_1_157' title='bbox 662 1121 692 1173; x_wconf 87' lang='lat'>†</span> <span class='ocrx_word' id='word_1_158' title='bbox 716 1119 782 1173; x_wconf 84' lang='lat' dir='ltr'>in]</span> <span class='ocrx_word' id='word_1_159' title='bbox 818 1120 957 1163; x_wconf 78' lang='lat' dir='ltr'>allum</span> <span class='ocrx_word' id='word_1_160' title='bbox 984 1118 1021 1162; x_wconf 93' lang='lat' dir='ltr'><strong>T</strong></span> <span class='ocrx_word' id='word_1_161' title='bbox 1060 1113 1082 1181; x_wconf 91' lang='grc' dir='ltr'>Η</span> <span class='ocrx_word' id='word_1_162' title='bbox 1120 1124 1175 1166; x_wconf 88' lang='grc'>10</span> <span class='ocrx_word' id='word_1_163' title='bbox 1197 1119 1335 1162; x_wconf 84' lang='lat' dir='ltr'>latum</span> <span class='ocrx_word' id='word_1_164' title='bbox 1362 1119 1424 1162; x_wconf 86' lang='lat' dir='ltr'>T:</span> <span class='ocrx_word' id='word_1_165' title='bbox 1451 1118 1543 1162; x_wconf 81' lang='lat' dir='ltr'>lala</span> <span class='ocrx_word' id='word_1_166' title='bbox 1571 1117 1604 1163; x_wconf 92' lang='lat' dir='ltr'>C</span> <span class='ocrx_word' id='word_1_167' title='bbox 1626 1112 1647 1180; x_wconf 94' lang='grc' dir='ltr'>Η</span> <span class='ocrx_word' id='word_1_168' title='bbox 1684 1119 1795 1175; x_wconf 92' lang='lat' dir='ltr'>illic]</span> <span class='ocrx_word' id='word_1_169' title='bbox 1824 1120 1962 1164; x_wconf 90' lang='lat' dir='ltr'>immo</span> 
     </span>
     <span class='ocr_line' id='line_1_14' title="bbox 146 1168 1966 1253; baseline 0 -19"><span class='ocrx_word' id='word_1_170' title='bbox 146 1191 414 1235; x_wconf 75' lang='lat' dir='ltr'>Ecbatanis.</span> <span class='ocrx_word' id='word_1_171' title='bbox 451 1182 473 1253; x_wconf 93' lang='grc' dir='ltr'>Η</span> <span class='ocrx_word' id='word_1_172' title='bbox 510 1194 563 1235; x_wconf 90' lang='grc'>12</span> <span class='ocrx_word' id='word_1_173' title='bbox 587 1190 749 1232; x_wconf 80' lang='lat' dir='ltr'>iunctis</span> <span class='ocrx_word' id='word_1_174' title='bbox 779 1168 833 1232; x_wconf 62' lang='lat' dir='ltr'>C:</span> <span class='ocrx_word' id='word_1_175' title='bbox 870 1189 1027 1232; x_wconf 82' lang='lat' dir='ltr'>vinctis</span> <span class='ocrx_word' id='word_1_176' title='bbox 1050 1189 1087 1231; x_wconf 90' lang='lat' dir='ltr'><strong>E</strong></span> <span class='ocrx_word' id='word_1_177' title='bbox 1122 1181 1143 1251; x_wconf 95' lang='grc' dir='ltr'>Η</span> <span class='ocrx_word' id='word_1_178' title='bbox 1180 1189 1234 1233; x_wconf 91' lang='grc'>13</span> <span class='ocrx_word' id='word_1_179' title='bbox 1258 1187 1440 1241; x_wconf 86' lang='lat' dir='ltr'>lamnae</span> <span class='ocrx_word' id='word_1_180' title='bbox 1464 1188 1528 1231; x_wconf 92' lang='lat' dir='ltr'>W</span> <span class='ocrx_word' id='word_1_181' title='bbox 1556 1201 1614 1231; x_wconf 86' lang='lat' dir='ltr'>ex</span> <span class='ocrx_word' id='word_1_182' title='bbox 1638 1188 1800 1245; x_wconf 83' lang='lat' dir='ltr'>Polyb.</span> <span class='ocrx_word' id='word_1_183' title='bbox 1821 1188 1878 1242; x_wconf 90' lang='lat' dir='ltr'>X,</span> <span class='ocrx_word' id='word_1_184' title='bbox 1906 1189 1966 1234; x_wconf 80' lang='lat'>24</span> 
     </span>
     <span class='ocr_line' id='line_1_15' title="bbox 149 1249 1963 1321; baseline 0 -20"><span class='ocrx_word' id='word_1_185' title='bbox 149 1254 347 1320; x_wconf 74' lang='grc' dir='ltr'><strong>(χρυσαὶ</strong></span> <span class='ocrx_word' id='word_1_186' title='bbox 376 1254 608 1312; x_wconf 81' lang='grc' dir='ltr'><em>λεπίδες);</em></span> <span class='ocrx_word' id='word_1_187' title='bbox 637 1257 815 1301; x_wconf 84' lang='lat' dir='ltr'>lancias</span> <span class='ocrx_word' id='word_1_188' title='bbox 844 1255 901 1309; x_wconf 91' lang='lat' dir='ltr'>C;</span> <span class='ocrx_word' id='word_1_189' title='bbox 928 1257 1115 1301; x_wconf 87' lang='lat' dir='ltr'>lanceas</span> <span class='ocrx_word' id='word_1_190' title='bbox 1137 1257 1174 1300; x_wconf 93' lang='lat' dir='ltr'>E</span> <span class='ocrx_word' id='word_1_191' title='bbox 1199 1249 1221 1319; x_wconf 94' lang='grc' dir='ltr'>Η</span> <span class='ocrx_word' id='word_1_192' title='bbox 1243 1254 1433 1314; x_wconf 82' lang='lat' dir='ltr'>ferreas</span> <span class='ocrx_word' id='word_1_193' title='bbox 1452 1255 1687 1314; x_wconf 82' lang='lat' dir='ltr'>fenestras</span> <span class='ocrx_word' id='word_1_194' title='bbox 1710 1249 1731 1321; x_wconf 93' lang='grc' dir='ltr'>Η</span> <span class='ocrx_word' id='word_1_195' title='bbox 1759 1261 1814 1303; x_wconf 89' lang='grc'>14</span> <span class='ocrx_word' id='word_1_196' title='bbox 1839 1263 1963 1315; x_wconf 80' lang='lat' dir='ltr'>teyu-</span> 
     </span>
     <span class='ocr_line' id='line_1_16' title="bbox 147 1322 1964 1391; baseline -0.002 -19"><span class='ocrx_word' id='word_1_197' title='bbox 147 1329 219 1372; x_wconf 88' lang='lat' dir='ltr'>las</span> <span class='ocrx_word' id='word_1_198' title='bbox 254 1322 275 1391; x_wconf 94' lang='grc' dir='ltr'>Η</span> <span class='ocrx_word' id='word_1_199' title='bbox 313 1333 366 1374; x_wconf 82' lang='lat'>15</span> <span class='ocrx_word' id='word_1_200' title='bbox 394 1332 500 1385; x_wconf 88' lang='lat' dir='ltr'>post</span> <span class='ocrx_word' id='word_1_201' title='bbox 524 1330 648 1371; x_wconf 79' lang='lat' dir='ltr'>cocto</span> <span class='ocrx_word' id='word_1_202' title='bbox 675 1325 708 1371; x_wconf 94' lang='lat' dir='ltr'>C</span> <span class='ocrx_word' id='word_1_203' title='bbox 734 1325 864 1370; x_wconf 86' lang='lat' dir='ltr'>addit</span> <span class='ocrx_word' id='word_1_204' title='bbox 887 1326 936 1370; x_wconf 88' lang='lat' dir='ltr'>id</span> <span class='ocrx_word' id='word_1_205' title='bbox 955 1330 1023 1370; x_wconf 84' lang='lat' dir='ltr'>est</span> <span class='ocrx_word' id='word_1_206' title='bbox 1044 1327 1194 1381; x_wconf 90' lang='lat' dir='ltr'>calce,</span> <span class='ocrx_word' id='word_1_207' title='bbox 1231 1339 1349 1385; x_wconf 91' lang='lat' dir='ltr'>quae</span> <span class='ocrx_word' id='word_1_208' title='bbox 1377 1327 1520 1370; x_wconf 85' lang='lat' dir='ltr'>verba</span> <span class='ocrx_word' id='word_1_209' title='bbox 1557 1325 1690 1370; x_wconf 90' lang='lat' dir='ltr'>eieci.</span> <span class='ocrx_word' id='word_1_210' title='bbox 1746 1325 1812 1371; x_wconf 79' lang='lat' dir='ltr'>Cf.</span> <span class='ocrx_word' id='word_1_211' title='bbox 1838 1326 1964 1385; x_wconf 87' lang='lat' dir='ltr'>Hyg.</span> 
     </span>
     <span class='ocr_line' id='line_1_17' title="bbox 150 1393 1965 1458; baseline -0.002 -17"><span class='ocrx_word' id='word_1_212' title='bbox 150 1399 243 1442; x_wconf 73' lang='lat' dir='ltr'>sab.</span> <span class='ocrx_word' id='word_1_213' title='bbox 273 1401 385 1443; x_wconf 77' lang='lat'>223:</span> <span class='ocrx_word' id='word_1_214' title='bbox 438 1398 628 1458; x_wconf 71' lang='lat' dir='ltr'>‘Murus</span> <span class='ocrx_word' id='word_1_215' title='bbox 669 1396 715 1439; x_wconf 89' lang='lat' dir='ltr'>in</span> <span class='ocrx_word' id='word_1_216' title='bbox 746 1396 1003 1453; x_wconf 89' lang='lat' dir='ltr'>Babylonia</span> <span class='ocrx_word' id='word_1_217' title='bbox 1038 1409 1173 1453; x_wconf 91' lang='lat' dir='ltr'>quem</span> <span class='ocrx_word' id='word_1_218' title='bbox 1211 1395 1318 1440; x_wconf 83' lang='lat' dir='ltr'>fecit</span> <span class='ocrx_word' id='word_1_219' title='bbox 1343 1393 1613 1440; x_wconf 85' lang='lat' dir='ltr'>Semiramis</span> <span class='ocrx_word' id='word_1_220' title='bbox 1653 1395 1794 1439; x_wconf 88' lang='lat' dir='ltr'>latere</span> <span class='ocrx_word' id='word_1_221' title='bbox 1831 1400 1965 1440; x_wconf 88' lang='lat' dir='ltr'>cocto</span> 
     </span>
     <span class='ocr_line' id='line_1_18' title="bbox 150 1464 1964 1522; baseline -0.002 -12"><span class='ocrx_word' id='word_1_222' title='bbox 150 1472 195 1511; x_wconf 85' lang='lat' dir='ltr'>et</span> <span class='ocrx_word' id='word_1_223' title='bbox 248 1465 470 1522; x_wconf 86' lang='lat' dir='ltr'>sulphure</span> <span class='ocrx_word' id='word_1_224' title='bbox 531 1466 651 1509; x_wconf 71' lang='lat' dir='ltr'>Ferro</span> <span class='ocrx_word' id='word_1_225' title='bbox 698 1465 930 1510; x_wconf 87' lang='lat' dir='ltr'>vinctum&#39;</span> <span class='ocrx_word' id='word_1_226' title='bbox 991 1466 1162 1520; x_wconf 89' lang='lat' dir='ltr'>(immo</span> <span class='ocrx_word' id='word_1_227' title='bbox 1205 1465 1435 1517; x_wconf 78' lang='lat' dir='ltr'>iunctum)</span> <span class='ocrx_word' id='word_1_228' title='bbox 1479 1465 1619 1508; x_wconf 82' lang='lat' dir='ltr'>latere</span> <span class='ocrx_word' id='word_1_229' title='bbox 1658 1464 1704 1507; x_wconf 90' lang='lat' dir='ltr'>M</span> <span class='ocrx_word' id='word_1_230' title='bbox 1747 1479 1805 1508; x_wconf 84' lang='lat' dir='ltr'>ex</span> <span class='ocrx_word' id='word_1_231' title='bbox 1838 1465 1964 1522; x_wconf 86' lang='lat' dir='ltr'>Hyg.</span> 
     </span>
     <span class='ocr_line' id='line_1_19' title="bbox 149 1526 1960 1598; baseline -0.002 -18"><span class='ocrx_word' id='word_1_232' title='bbox 149 1536 303 1592; x_wconf 86' lang='lat' dir='ltr'>lapide</span> <span class='ocrx_word' id='word_1_233' title='bbox 325 1533 357 1579; x_wconf 89' lang='lat' dir='ltr'>C</span> <span class='ocrx_word' id='word_1_234' title='bbox 384 1528 405 1598; x_wconf 96' lang='grc' dir='ltr'>Η</span> <span class='ocrx_word' id='word_1_235' title='bbox 441 1540 494 1583; x_wconf 91' lang='grc'>16</span> <span class='ocrx_word' id='word_1_236' title='bbox 514 1534 591 1579; x_wconf 87' lang='lat' dir='ltr'>ubi</span> <span class='ocrx_word' id='word_1_237' title='bbox 614 1533 675 1577; x_wconf 85' lang='lat' dir='ltr'>D:</span> <span class='ocrx_word' id='word_1_238' title='bbox 709 1538 758 1579; x_wconf 82' lang='lat' dir='ltr'>ut</span> <span class='ocrx_word' id='word_1_239' title='bbox 784 1533 818 1579; x_wconf 89' lang='lat' dir='ltr'>C</span> <span class='ocrx_word' id='word_1_240' title='bbox 841 1527 863 1597; x_wconf 93' lang='grc' dir='ltr'>Η</span> <span class='ocrx_word' id='word_1_241' title='bbox 897 1539 954 1580; x_wconf 90' lang='grc'>22</span> <span class='ocrx_word' id='word_1_242' title='bbox 980 1547 1141 1592; x_wconf 82' lang='lat' dir='ltr'>mayno</span> <span class='ocrx_word' id='word_1_243' title='bbox 1172 1535 1306 1592; x_wconf 79' lang='lat' dir='ltr'>friget</span> <span class='ocrx_word' id='word_1_244' title='bbox 1330 1526 1352 1596; x_wconf 95' lang='grc' dir='ltr'>Η</span> <span class='ocrx_word' id='word_1_245' title='bbox 1376 1537 1433 1580; x_wconf 87' lang='grc'>23</span> <span class='ocrx_word' id='word_1_246' title='bbox 1456 1537 1691 1577; x_wconf 83' lang='lat' dir='ltr'>terruntur</span> <span class='ocrx_word' id='word_1_247' title='bbox 1715 1526 1735 1596; x_wconf 96' lang='grc' dir='ltr'>Η</span> <span class='ocrx_word' id='word_1_248' title='bbox 1773 1537 1830 1579; x_wconf 89' lang='grc'>24</span> <span class='ocrx_word' id='word_1_249' title='bbox 1857 1534 1960 1577; x_wconf 86' lang='lat' dir='ltr'>Ale-</span> 
     </span>
     <span class='ocr_line' id='line_1_20' title="bbox 150 1599 1967 1669; baseline -0.001 -20"><span class='ocrx_word' id='word_1_250' title='bbox 150 1605 360 1649; x_wconf 75' lang='lat' dir='ltr'>xandria</span> <span class='ocrx_word' id='word_1_251' title='bbox 397 1599 418 1669; x_wconf 96' lang='grc' dir='ltr'>Η</span> <span class='ocrx_word' id='word_1_252' title='bbox 454 1608 511 1651; x_wconf 87' lang='grc'>26</span> <span class='ocrx_word' id='word_1_253' title='bbox 544 1602 621 1646; x_wconf 87' lang='lat' dir='ltr'>Ad</span> <span class='ocrx_word' id='word_1_254' title='bbox 653 1609 790 1660; x_wconf 87' lang='lat' dir='ltr'>caput</span> <span class='ocrx_word' id='word_1_255' title='bbox 813 1603 875 1646; x_wconf 93' lang='lat' dir='ltr'>IX</span> <span class='ocrx_word' id='word_1_256' title='bbox 908 1605 966 1647; x_wconf 85' lang='lat' dir='ltr'>cf.</span> <span class='ocrx_word' id='word_1_257' title='bbox 991 1602 1086 1648; x_wconf 87' lang='lat' dir='ltr'>Cic.</span> <span class='ocrx_word' id='word_1_258' title='bbox 1114 1603 1170 1647; x_wconf 88' lang='lat' dir='ltr'>de</span> <span class='ocrx_word' id='word_1_259' title='bbox 1198 1604 1300 1647; x_wconf 90' lang='lat' dir='ltr'>Nat.</span> <span class='ocrx_word' id='word_1_260' title='bbox 1331 1603 1381 1647; x_wconf 89' lang='lat' dir='ltr'>D.</span> <span class='ocrx_word' id='word_1_261' title='bbox 1412 1602 1559 1648; x_wconf 82' lang='lat' dir='ltr'>111.·e.</span> <span class='ocrx_word' id='word_1_262' title='bbox 1594 1606 1647 1648; x_wconf 88' lang='grc'>16</span> <span class='ocrx_word' id='word_1_263' title='bbox 1685 1608 1729 1646; x_wconf 89' lang='lat' dir='ltr'>et</span> <span class='ocrx_word' id='word_1_264' title='bbox 1758 1605 1967 1647; x_wconf 78' lang='lat'>21-23</span> 
     </span>
     <span class='ocr_line' id='line_1_21' title="bbox 151 1670 1966 1733; baseline -0.002 -17"><span class='ocrx_word' id='word_1_265' title='bbox 151 1687 256 1717; x_wconf 82' lang='lat' dir='ltr'>cum</span> <span class='ocrx_word' id='word_1_266' title='bbox 297 1674 548 1732; x_wconf 83' lang='lat' dir='ltr'>interprett.</span> <span class='ocrx_word' id='word_1_267' title='bbox 579 1671 721 1717; x_wconf 90' lang='lat' dir='ltr'>Clem.</span> <span class='ocrx_word' id='word_1_268' title='bbox 748 1672 1002 1716; x_wconf 85' lang='lat' dir='ltr'>Alexandr.</span> <span class='ocrx_word' id='word_1_269' title='bbox 1038 1674 1083 1716; x_wconf 90' lang='lat' dir='ltr'>in</span> <span class='ocrx_word' id='word_1_270' title='bbox 1112 1685 1365 1733; x_wconf 79' lang='grc' dir='ltr'><strong><em>προτρεπτ.</em></strong></span> <span class='ocrx_word' id='word_1_271' title='bbox 1392 1671 1536 1725; x_wconf 85' lang='lat' dir='ltr'>initio,</span> <span class='ocrx_word' id='word_1_272' title='bbox 1574 1671 1827 1715; x_wconf 87' lang='lat' dir='ltr'>Arnobium</span> <span class='ocrx_word' id='word_1_273' title='bbox 1856 1670 1966 1714; x_wconf 82' lang='lat' dir='ltr'>adv.</span> 
     </span>
     <span class='ocr_line' id='line_1_22' title="bbox 151 1733 1941 1803; baseline -0.002 -17"><span class='ocrx_word' id='word_1_274' title='bbox 151 1748 315 1800; x_wconf 85' lang='lat' dir='ltr'>gentes</span> <span class='ocrx_word' id='word_1_275' title='bbox 345 1749 388 1787; x_wconf 88' lang='lat' dir='ltr'>et</span> <span class='ocrx_word' id='word_1_276' title='bbox 413 1744 479 1803; x_wconf 65' lang='lat' dir='ltr'>Io.</span> <span class='ocrx_word' id='word_1_277' title='bbox 505 1741 622 1799; x_wconf 83' lang='lat' dir='ltr'>Lydi</span> <span class='ocrx_word' id='word_1_278' title='bbox 650 1741 707 1785; x_wconf 89' lang='lat' dir='ltr'>de</span> <span class='ocrx_word' id='word_1_279' title='bbox 737 1755 884 1785; x_wconf 88' lang='lat' dir='ltr'>mens.</span> <span class='ocrx_word' id='word_1_280' title='bbox 908 1742 1071 1785; x_wconf 89' lang='lat' dir='ltr'>librum</span> <span class='ocrx_word' id='word_1_281' title='bbox 1099 1747 1322 1799; x_wconf 86' lang='lat' dir='ltr'>quartum.</span> <span class='ocrx_word' id='word_1_282' title='bbox 1354 1735 1377 1802; x_wconf 88' lang='grc' dir='ltr'>Η</span> <span class='ocrx_word' id='word_1_283' title='bbox 1409 1739 1547 1798; x_wconf 82' lang='lat' dir='ltr'>fuere</span> <span class='ocrx_word' id='word_1_284' title='bbox 1570 1739 1640 1784; x_wconf 83' lang='lat' dir='ltr'>vel</span> <span class='ocrx_word' id='word_1_285' title='bbox 1662 1741 1751 1783; x_wconf 89' lang='lat' dir='ltr'>isse</span> <span class='ocrx_word' id='word_1_286' title='bbox 1780 1741 1888 1784; x_wconf 83' lang='lat' dir='ltr'>iovis</span> <span class='ocrx_word' id='word_1_287' title='bbox 1921 1733 1941 1802; x_wconf 94' lang='grc' dir='ltr'>Η</span> 
     </span>
     <span class='ocr_line' id='line_1_23' title="bbox 150 1803 1967 1873; baseline -0.004 -16"><span class='ocrx_word' id='word_1_288' title='bbox 150 1812 221 1857; x_wconf 83' lang='lat' dir='ltr'>vel</span> <span class='ocrx_word' id='word_1_289' title='bbox 243 1811 321 1855; x_wconf 83' lang='lat' dir='ltr'>ubi</span> <span class='ocrx_word' id='word_1_290' title='bbox 340 1814 386 1856; x_wconf 89' lang='lat' dir='ltr'>in</span> <span class='ocrx_word' id='word_1_291' title='bbox 423 1814 516 1857; x_wconf 90' lang='lat' dir='ltr'>loco</span> <span class='ocrx_word' id='word_1_292' title='bbox 547 1812 653 1855; x_wconf 86' lang='lat' dir='ltr'>deos</span> <span class='ocrx_word' id='word_1_293' title='bbox 680 1811 876 1869; x_wconf 82' lang='lat' dir='ltr'>deasque</span> <span class='ocrx_word' id='word_1_294' title='bbox 908 1803 930 1873; x_wconf 94' lang='grc' dir='ltr'>Η</span> <span class='ocrx_word' id='word_1_295' title='bbox 965 1816 1023 1859; x_wconf 83' lang='grc'>30</span> <span class='ocrx_word' id='word_1_296' title='bbox 1056 1811 1186 1855; x_wconf 86' lang='lat' dir='ltr'>abide</span> <span class='ocrx_word' id='word_1_297' title='bbox 1215 1810 1271 1855; x_wconf 83' lang='lat' dir='ltr'>C:</span> <span class='ocrx_word' id='word_1_298' title='bbox 1311 1809 1475 1854; x_wconf 86' lang='lat' dir='ltr'>abinde</span> <span class='ocrx_word' id='word_1_299' title='bbox 1506 1809 1568 1863; x_wconf 91' lang='lat' dir='ltr'>E;</span> <span class='ocrx_word' id='word_1_300' title='bbox 1604 1808 1660 1852; x_wconf 84' lang='lat' dir='ltr'>ab</span> <span class='ocrx_word' id='word_1_301' title='bbox 1684 1809 1773 1852; x_wconf 87' lang='lat' dir='ltr'>Ida</span> <span class='ocrx_word' id='word_1_302' title='bbox 1805 1807 1866 1863; x_wconf 83' lang='lat' dir='ltr'>T3</span> <span class='ocrx_word' id='word_1_303' title='bbox 1908 1822 1967 1852; x_wconf 88' lang='lat' dir='ltr'>an</span> 
     </span>
     <span class='ocr_line' id='line_1_24' title="bbox 149 1873 2020 1944; baseline -0.002 -20"><span class='ocrx_word' id='word_1_304' title='bbox 149 1879 343 1924; x_wconf 80' lang='lat' dir='ltr'>ibidem?</span> <span class='ocrx_word' id='word_1_305' title='bbox 380 1875 401 1944; x_wconf 95' lang='grc' dir='ltr'>Η</span> <span class='ocrx_word' id='word_1_306' title='bbox 440 1885 495 1927; x_wconf 86' lang='grc'>32</span> <span class='ocrx_word' id='word_1_307' title='bbox 529 1882 761 1938; x_wconf 83' lang='lat' dir='ltr'>victoriam</span> <span class='ocrx_word' id='word_1_308' title='bbox 795 1879 850 1924; x_wconf 88' lang='lat' dir='ltr'>C:</span> <span class='ocrx_word' id='word_1_309' title='bbox 894 1884 1110 1927; x_wconf 84' lang='lat' dir='ltr'>victorum</span> <span class='ocrx_word' id='word_1_310' title='bbox 1135 1880 1171 1923; x_wconf 90' lang='lat' dir='ltr'>E</span> <span class='ocrx_word' id='word_1_311' title='bbox 1208 1873 1229 1943; x_wconf 95' lang='grc' dir='ltr'>Η</span> <span class='ocrx_word' id='word_1_312' title='bbox 1263 1883 1319 1926; x_wconf 82' lang='grc'>35</span> <span class='ocrx_word' id='word_1_313' title='bbox 1354 1878 1607 1935; x_wconf 79' lang='lat' dir='ltr'>Enoposle]</span> <span class='ocrx_word' id='word_1_314' title='bbox 1644 1878 1749 1920; x_wconf 84' lang='lat' dir='ltr'>latet</span> <span class='ocrx_word' id='word_1_315' title='bbox 1776 1878 1966 1921; x_wconf 83' lang='lat' dir='ltr'>forsitan</span> <span class='ocrx_word' id='word_1_316' title='bbox 2019 1902 2020 1905; x_wconf 63' lang='lat'><em>=</em></span> 
     </span>
     <span class='ocr_line' id='line_1_25' title="bbox 152 1939 2020 2014; baseline -0.002 -22"><span class='ocrx_word' id='word_1_317' title='bbox 152 1950 284 2008; x_wconf 86' lang='lat' dir='ltr'>Enyo</span> <span class='ocrx_word' id='word_1_318' title='bbox 312 1943 332 2014; x_wconf 95' lang='grc' dir='ltr'>Η</span> <span class='ocrx_word' id='word_1_319' title='bbox 351 1955 512 1994; x_wconf 66' lang='grc' dir='ltr'>ἠθεῖον</span> <span class='ocrx_word' id='word_1_320' title='bbox 537 1954 603 1993; x_wconf 87' lang='lat' dir='ltr'>esl</span> <span class='ocrx_word' id='word_1_321' title='bbox 619 1947 755 1993; x_wconf 88' lang='lat' dir='ltr'>Mars</span> <span class='ocrx_word' id='word_1_322' title='bbox 775 1950 811 1993; x_wconf 92' lang='lat' dir='ltr'>E</span> <span class='ocrx_word' id='word_1_323' title='bbox 838 1943 858 2013; x_wconf 94' lang='grc' dir='ltr'>Η</span> <span class='ocrx_word' id='word_1_324' title='bbox 884 1955 939 1998; x_wconf 84' lang='lat'>36</span> <span class='ocrx_word' id='word_1_325' title='bbox 964 1950 1217 2006; x_wconf 85' lang='lat' dir='ltr'>Leucarpis</span> <span class='ocrx_word' id='word_1_326' title='bbox 1245 1948 1299 1993; x_wconf 89' lang='lat' dir='ltr'>C:</span> <span class='ocrx_word' id='word_1_327' title='bbox 1330 1948 1577 2004; x_wconf 82' lang='lat' dir='ltr'>Leucaspis</span> <span class='ocrx_word' id='word_1_328' title='bbox 1596 1946 1632 1990; x_wconf 93' lang='lat' dir='ltr'>D</span> <span class='ocrx_word' id='word_1_329' title='bbox 1659 1939 1681 2010; x_wconf 95' lang='grc' dir='ltr'>Η</span> <span class='ocrx_word' id='word_1_330' title='bbox 1706 1947 1836 1990; x_wconf 84' lang='lat' dir='ltr'>aliter</span> <span class='ocrx_word' id='word_1_331' title='bbox 1861 1946 1896 1989; x_wconf 93' lang='lat' dir='ltr'>E</span> <span class='ocrx_word' id='word_1_332' title='bbox 1923 1939 1944 2009; x_wconf 95' lang='grc' dir='ltr'>Η</span> <span class='ocrx_word' id='word_1_333' title='bbox 2019 1996 2020 1999; x_wconf 10' lang='lat'>¹</span> 
     </span>
     <span class='ocr_line' id='line_1_26' title="bbox 152 2014 2020 2076; baseline -0.003 -13"><span class='ocrx_word' id='word_1_334' title='bbox 152 2023 177 2069; x_wconf 60' lang='lat' dir='ltr'>‚S</span> <span class='ocrx_word' id='word_1_335' title='bbox 197 2023 224 2063; x_wconf 87' lang='grc'>2</span> <span class='ocrx_word' id='word_1_336' title='bbox 251 2021 318 2063; x_wconf 88' lang='lat' dir='ltr'>sic</span> <span class='ocrx_word' id='word_1_337' title='bbox 346 2021 441 2063; x_wconf 90' lang='lat' dir='ltr'>fere</span> <span class='ocrx_word' id='word_1_338' title='bbox 478 2018 799 2063; x_wconf 85' lang='lat' dir='ltr'>constituenda</span> <span class='ocrx_word' id='word_1_339' title='bbox 836 2020 1040 2063; x_wconf 86' lang='lat' dir='ltr'>videtur:</span> <span class='ocrx_word' id='word_1_340' title='bbox 1072 2019 1257 2076; x_wconf 86' lang='lat' dir='ltr'>primus</span> <span class='ocrx_word' id='word_1_341' title='bbox 1281 2030 1342 2062; x_wconf 77' lang='lat' dir='ltr'>ea:</span> <span class='ocrx_word' id='word_1_342' title='bbox 1366 2017 1499 2075; x_wconf 88' lang='lat' dir='ltr'>Enyo</span> <span class='ocrx_word' id='word_1_343' title='bbox 1519 2015 1651 2073; x_wconf 77' lang='lat' dir='ltr'>poste</span> <span class='ocrx_word' id='word_1_344' title='bbox 1678 2014 1766 2064; x_wconf 84' lang='grc'><em>**,·</em></span> <span class='ocrx_word' id='word_1_345' title='bbox 1802 2027 1966 2059; x_wconf 87' lang='lat' dir='ltr'>secun-</span> <span class='ocrx_word' id='word_1_346' title='bbox 2019 2049 2020 2067; x_wconf 27' lang='grc' dir='ltr'>ἢ</span> 
     </span>
     <span class='ocr_line' id='line_1_27' title="bbox 151 2081 1968 2143; baseline -0.002 -12"><span class='ocrx_word' id='word_1_347' title='bbox 151 2088 238 2132; x_wconf 88' lang='lat' dir='ltr'>dus</span> <span class='ocrx_word' id='word_1_348' title='bbox 272 2101 333 2133; x_wconf 76' lang='lat' dir='ltr'>ex</span> <span class='ocrx_word' id='word_1_349' title='bbox 367 2089 474 2135; x_wconf 81' lang='lat' dir='ltr'>Iove</span> <span class='ocrx_word' id='word_1_350' title='bbox 508 2093 552 2132; x_wconf 81' lang='lat' dir='ltr'>el</span> <span class='ocrx_word' id='word_1_351' title='bbox 583 2086 787 2143; x_wconf 91' lang='lat' dir='ltr'>Iunone,</span> <span class='ocrx_word' id='word_1_352' title='bbox 822 2093 871 2132; x_wconf 78' lang='lat' dir='ltr'>ut</span> <span class='ocrx_word' id='word_1_353' title='bbox 905 2101 1005 2133; x_wconf 89' lang='lat' dir='ltr'>eum</span> <span class='ocrx_word' id='word_1_354' title='bbox 1028 2088 1257 2132; x_wconf 81' lang='lat' dir='ltr'>Homerus</span> <span class='ocrx_word' id='word_1_355' title='bbox 1281 2088 1407 2139; x_wconf 86' lang='lat' dir='ltr'>dicit,</span> <span class='ocrx_word' id='word_1_356' title='bbox 1442 2089 1508 2142; x_wconf 84' lang='lat' dir='ltr'>est</span> <span class='ocrx_word' id='word_1_357' title='bbox 1540 2089 1691 2129; x_wconf 73' lang='lat' dir='ltr'>noster</span> <span class='ocrx_word' id='word_1_358' title='bbox 1724 2081 1859 2128; x_wconf 87' lang='lat' dir='ltr'>Mars</span> <span class='ocrx_word' id='word_1_359' title='bbox 1887 2095 1968 2128; x_wconf 84' lang='lat' dir='ltr'>seu</span> 
     </span>
     <span class='ocr_line' id='line_1_28' title="bbox 151 2147 1544 2216; baseline 0 -16"><span class='ocrx_word' id='word_1_360' title='bbox 151 2156 408 2214; x_wconf 75' lang='lat' dir='ltr'>Marspiter</span> <span class='ocrx_word' id='word_1_361' title='bbox 436 2163 480 2202; x_wconf 77' lang='lat' dir='ltr'>et</span> <span class='ocrx_word' id='word_1_362' title='bbox 503 2158 619 2201; x_wconf 77' lang='lat' dir='ltr'>alter</span> <span class='ocrx_word' id='word_1_363' title='bbox 641 2155 777 2201; x_wconf 80' lang='lat' dir='ltr'>Mars</span> <span class='ocrx_word' id='word_1_364' title='bbox 801 2157 1040 2216; x_wconf 72' lang='lat' dir='ltr'>Enyazius.</span> <span class='ocrx_word' id='word_1_365' title='bbox 1080 2158 1139 2200; x_wconf 81' lang='lat' dir='ltr'>ef.</span> <span class='ocrx_word' id='word_1_366' title='bbox 1169 2156 1299 2200; x_wconf 77' lang='lat' dir='ltr'>mad.</span> <span class='ocrx_word' id='word_1_367' title='bbox 1326 2156 1384 2209; x_wconf 85' lang='lat' dir='ltr'>V,</span> <span class='ocrx_word' id='word_1_368' title='bbox 1411 2157 1498 2202; x_wconf 87' lang='lat'>333</span> <span class='ocrx_word' id='word_1_369' title='bbox 1523 2147 1544 2214; x_wconf 73' lang='grc' dir='ltr'>Η</span> 
     </span>
    </p>

    <p class='ocr_par' dir='ltr' id='par_1_4' title="bbox 153 2209 1973 3051">
     <span class='ocr_line' id='line_1_29' title="bbox 302 2209 1967 2287; baseline -0.004 -17"><span class='ocrx_word' id='word_1_370' title='bbox 302 2223 379 2287; x_wconf 84' lang='grc'>10,</span> <span class='ocrx_word' id='word_1_371' title='bbox 407 2233 430 2274; x_wconf 91' lang='lat'>1</span> <span class='ocrx_word' id='word_1_372' title='bbox 465 2227 558 2271; x_wconf 67' lang='grc' dir='ltr'><em>Νῑῑι·</em></span> <span class='ocrx_word' id='word_1_373' title='bbox 580 2226 694 2271; x_wconf 76' lang='lat' dir='ltr'>Dav.</span> <span class='ocrx_word' id='word_1_374' title='bbox 722 2226 782 2269; x_wconf 84' lang='lat' dir='ltr'>ad</span> <span class='ocrx_word' id='word_1_375' title='bbox 811 2226 903 2271; x_wconf 73' lang='lat' dir='ltr'>cie.</span> <span class='ocrx_word' id='word_1_376' title='bbox 933 2227 990 2270; x_wconf 78' lang='lat' dir='ltr'>de</span> <span class='ocrx_word' id='word_1_377' title='bbox 1021 2227 1121 2271; x_wconf 77' lang='lat' dir='ltr'>Nat.</span> <span class='ocrx_word' id='word_1_378' title='bbox 1147 2226 1201 2268; x_wconf 90' lang='lat' dir='ltr'>D.</span> <span class='ocrx_word' id='word_1_379' title='bbox 1223 2230 1266 2280; x_wconf 89' lang='lat'>3,</span> <span class='ocrx_word' id='word_1_380' title='bbox 1293 2230 1375 2271; x_wconf 82' lang='lat'>21:</span> <span class='ocrx_word' id='word_1_381' title='bbox 1414 2223 1525 2267; x_wconf 66' lang='lat' dir='ltr'>Nini</span> <span class='ocrx_word' id='word_1_382' title='bbox 1548 2221 1580 2266; x_wconf 87' lang='lat' dir='ltr'>C</span> <span class='ocrx_word' id='word_1_383' title='bbox 1614 2209 1635 2286; x_wconf 79' lang='grc' dir='ltr'>Η</span> <span class='ocrx_word' id='word_1_384' title='bbox 1669 2226 1696 2269; x_wconf 87' lang='lat'><strong>3</strong></span> <span class='ocrx_word' id='word_1_385' title='bbox 1721 2221 1967 2275; x_wconf 70' lang='lat' dir='ltr'>Zemintus]</span> 
     </span>
     <span class='ocr_line' id='line_1_30' title="bbox 154 2283 1971 2356; baseline -0.004 -17"><span class='ocrx_word' id='word_1_386' title='bbox 154 2295 415 2341; x_wconf 78' lang='lat' dir='ltr'>Zmintheus</span> <span class='ocrx_word' id='word_1_387' title='bbox 448 2297 495 2340; x_wconf 87' lang='lat' dir='ltr'>M</span> <span class='ocrx_word' id='word_1_388' title='bbox 522 2295 582 2339; x_wconf 88' lang='lat' dir='ltr'>ad</span> <span class='ocrx_word' id='word_1_389' title='bbox 606 2295 729 2353; x_wconf 85' lang='lat' dir='ltr'>Hyg.</span> <span class='ocrx_word' id='word_1_390' title='bbox 758 2296 850 2340; x_wconf 82' lang='lat' dir='ltr'>sab.</span> <span class='ocrx_word' id='word_1_391' title='bbox 877 2299 984 2350; x_wconf 87' lang='lat'>106;</span> <span class='ocrx_word' id='word_1_392' title='bbox 1025 2295 1197 2339; x_wconf 80' lang='lat' dir='ltr'>Lindus</span> <span class='ocrx_word' id='word_1_393' title='bbox 1221 2294 1336 2338; x_wconf 88' lang='lat' dir='ltr'>Dav.</span> <span class='ocrx_word' id='word_1_394' title='bbox 1373 2285 1397 2356; x_wconf 95' lang='grc' dir='ltr'>Η</span> <span class='ocrx_word' id='word_1_395' title='bbox 1431 2295 1461 2337; x_wconf 88' lang='grc'>4</span> <span class='ocrx_word' id='word_1_396' title='bbox 1488 2296 1656 2348; x_wconf 77' lang='lat' dir='ltr'>pacton</span> <span class='ocrx_word' id='word_1_397' title='bbox 1682 2283 1704 2355; x_wconf 94' lang='grc' dir='ltr'>Η</span> <span class='ocrx_word' id='word_1_398' title='bbox 1739 2294 1765 2336; x_wconf 83' lang='lat'>5</span> <span class='ocrx_word' id='word_1_399' title='bbox 1792 2290 1894 2335; x_wconf 85' lang='lat' dir='ltr'>Crio</span> <span class='ocrx_word' id='word_1_400' title='bbox 1928 2294 1971 2333; x_wconf 83' lang='lat' dir='ltr'>et</span> 
     </span>
     <span class='ocr_line' id='line_1_31' title="bbox 155 2353 1970 2425; baseline -0.004 -17"><span class='ocrx_word' id='word_1_401' title='bbox 155 2364 320 2421; x_wconf 87' lang='lat' dir='ltr'>Ioppe]</span> <span class='ocrx_word' id='word_1_402' title='bbox 360 2366 491 2411; x_wconf 88' lang='lat' dir='ltr'>Caelo</span> <span class='ocrx_word' id='word_1_403' title='bbox 534 2364 653 2420; x_wconf 83' lang='lat' dir='ltr'>Cic.;</span> <span class='ocrx_word' id='word_1_404' title='bbox 694 2353 927 2425; x_wconf 73' lang='grc' dir='ltr'><em>Οὐρανοῦ</em></span> <span class='ocrx_word' id='word_1_405' title='bbox 962 2359 1043 2408; x_wconf 82' lang='grc' dir='ltr'>καὶ</span> <span class='ocrx_word' id='word_1_406' title='bbox 1075 2354 1285 2423; x_wconf 82' lang='grc' dir='ltr'><strong><em>Ἡμέρας</em></strong></span> <span class='ocrx_word' id='word_1_407' title='bbox 1319 2364 1352 2406; x_wconf 87' lang='grc' dir='ltr'>Ι.</span> <span class='ocrx_word' id='word_1_408' title='bbox 1389 2361 1505 2419; x_wconf 87' lang='lat' dir='ltr'>Lyd.</span> <span class='ocrx_word' id='word_1_409' title='bbox 1540 2365 1582 2410; x_wconf 84' lang='lat'>4,</span> <span class='ocrx_word' id='word_1_410' title='bbox 1621 2363 1689 2406; x_wconf 81' lang='lat'>54.</span> <span class='ocrx_word' id='word_1_411' title='bbox 1752 2359 1825 2402; x_wconf 89' lang='lat' dir='ltr'>An</span> <span class='ocrx_word' id='word_1_412' title='bbox 1862 2360 1970 2402; x_wconf 82' lang='lat' dir='ltr'>latet</span> 
     </span>
     <span class='ocr_line' id='line_1_32' title="bbox 155 2422 1968 2499; baseline -0.004 -22"><span class='ocrx_word' id='word_1_413' title='bbox 155 2434 401 2491; x_wconf 70' lang='lat' dir='ltr'>Aethiope?</span> <span class='ocrx_word' id='word_1_414' title='bbox 437 2428 458 2499; x_wconf 78' lang='grc' dir='ltr'>Η</span> <span class='ocrx_word' id='word_1_415' title='bbox 493 2437 518 2480; x_wconf 91' lang='lat'>7</span> <span class='ocrx_word' id='word_1_416' title='bbox 546 2433 722 2478; x_wconf 69' lang='lat' dir='ltr'>Melites</span> <span class='ocrx_word' id='word_1_417' title='bbox 746 2434 832 2477; x_wconf 89' lang='lat' dir='ltr'>W:</span> <span class='ocrx_word' id='word_1_418' title='bbox 858 2435 1028 2478; x_wconf 69' lang='lat' dir='ltr'>metetis</span> <span class='ocrx_word' id='word_1_419' title='bbox 1059 2432 1117 2489; x_wconf 72' lang='lat'>03</span> <span class='ocrx_word' id='word_1_420' title='bbox 1151 2431 1297 2477; x_wconf 50' lang='lat' dir='ltr'>Mami·</span> <span class='ocrx_word' id='word_1_421' title='bbox 1317 2432 1432 2478; x_wconf 83' lang='lat' dir='ltr'>Dav.</span> <span class='ocrx_word' id='word_1_422' title='bbox 1466 2422 1488 2494; x_wconf 84' lang='grc'>11</span> <span class='ocrx_word' id='word_1_423' title='bbox 1522 2433 1551 2476; x_wconf 82' lang='lat' dir='ltr'>e</span> <span class='ocrx_word' id='word_1_424' title='bbox 1578 2429 1789 2482; x_wconf 65' lang='lat' dir='ltr'>Croniae]</span> <span class='ocrx_word' id='word_1_425' title='bbox 1828 2429 1968 2471; x_wconf 86' lang='lat' dir='ltr'>immo</span> 
     </span>
     <span class='ocr_line' id='line_1_33' title="bbox 158 2496 1968 2566; baseline -0.005 -18"><span class='ocrx_word' id='word_1_426' title='bbox 158 2503 392 2548; x_wconf 81' lang='lat' dir='ltr'>Coronidis</span> <span class='ocrx_word' id='word_1_427' title='bbox 428 2517 486 2547; x_wconf 84' lang='lat' dir='ltr'>ex</span> <span class='ocrx_word' id='word_1_428' title='bbox 525 2502 619 2547; x_wconf 88' lang='lat' dir='ltr'>Cic.</span> <span class='ocrx_word' id='word_1_429' title='bbox 654 2496 676 2566; x_wconf 95' lang='grc' dir='ltr'>Η</span> <span class='ocrx_word' id='word_1_430' title='bbox 711 2508 765 2549; x_wconf 90' lang='grc'>10</span> <span class='ocrx_word' id='word_1_431' title='bbox 804 2502 992 2562; x_wconf 73' lang='lat' dir='ltr'>Cyllenii</span> <span class='ocrx_word' id='word_1_432' title='bbox 1016 2503 1160 2549; x_wconf 88' lang='lat' dir='ltr'>Dav.:</span> <span class='ocrx_word' id='word_1_433' title='bbox 1199 2502 1383 2560; x_wconf 81' lang='lat' dir='ltr'>quilleni</span> <span class='ocrx_word' id='word_1_434' title='bbox 1408 2499 1457 2544; x_wconf 94' lang='lat' dir='ltr'>C.</span> <span class='ocrx_word' id='word_1_435' title='bbox 1503 2500 1562 2543; x_wconf 87' lang='lat' dir='ltr'>cs.</span> <span class='ocrx_word' id='word_1_436' title='bbox 1590 2497 1723 2543; x_wconf 89' lang='lat' dir='ltr'>Serv.</span> <span class='ocrx_word' id='word_1_437' title='bbox 1752 2496 1810 2541; x_wconf 88' lang='lat' dir='ltr'>ad</span> <span class='ocrx_word' id='word_1_438' title='bbox 1834 2497 1968 2554; x_wconf 85' lang='lat' dir='ltr'>Virg.</span> 
     </span>
     <span class='ocr_line' id='line_1_34' title="bbox 155 2566 1971 2629; baseline -0.004 -14"><span class='ocrx_word' id='word_1_439' title='bbox 155 2573 274 2615; x_wconf 76' lang='lat' dir='ltr'>Aen.</span> <span class='ocrx_word' id='word_1_440' title='bbox 303 2573 381 2628; x_wconf 90' lang='lat' dir='ltr'>IV,</span> <span class='ocrx_word' id='word_1_441' title='bbox 411 2574 522 2620; x_wconf 80' lang='lat'>577:</span> <span class='ocrx_word' id='word_1_442' title='bbox 575 2572 815 2629; x_wconf 72' lang='lat' dir='ltr'>equartum</span> <span class='ocrx_word' id='word_1_443' title='bbox 853 2575 944 2627; x_wconf 85' lang='lat' dir='ltr'>(sc.</span> <span class='ocrx_word' id='word_1_444' title='bbox 978 2571 1280 2625; x_wconf 80' lang='lat' dir='ltr'>Mercurium)</span> <span class='ocrx_word' id='word_1_445' title='bbox 1314 2568 1506 2628; x_wconf 87' lang='lat' dir='ltr'>Cyllenii</span> <span class='ocrx_word' id='word_1_446' title='bbox 1545 2567 1737 2611; x_wconf 91' lang='lat' dir='ltr'>filium&#39;.</span> <span class='ocrx_word' id='word_1_447' title='bbox 1790 2566 1864 2609; x_wconf 90' lang='lat' dir='ltr'>An</span> <span class='ocrx_word' id='word_1_448' title='bbox 1888 2578 1971 2622; x_wconf 91' lang='lat' dir='ltr'>po-</span> 
     </span>
     <span class='ocr_line' id='line_1_35' title="bbox 157 2633 1973 2705; baseline -0.004 -21"><span class='ocrx_word' id='word_1_449' title='bbox 157 2642 245 2685; x_wconf 80' lang='lat' dir='ltr'>tius</span> <span class='ocrx_word' id='word_1_450' title='bbox 281 2643 359 2699; x_wconf 80' lang='lat' dir='ltr'>qui</span> <span class='ocrx_word' id='word_1_451' title='bbox 381 2643 475 2687; x_wconf 89' lang='lat' dir='ltr'>Nili</span> <span class='ocrx_word' id='word_1_452' title='bbox 509 2655 567 2684; x_wconf 86' lang='lat' dir='ltr'>ex</span> <span class='ocrx_word' id='word_1_453' title='bbox 595 2641 687 2686; x_wconf 81' lang='lat' dir='ltr'>Cic,</span> <span class='ocrx_word' id='word_1_454' title='bbox 716 2646 760 2684; x_wconf 90' lang='lat' dir='ltr'>et</span> <span class='ocrx_word' id='word_1_455' title='bbox 789 2639 936 2687; x_wconf 67' lang='lat' dir='ltr'>Arm?</span> <span class='ocrx_word' id='word_1_456' title='bbox 973 2633 996 2705; x_wconf 95' lang='grc' dir='ltr'>Η</span> <span class='ocrx_word' id='word_1_457' title='bbox 1032 2647 1083 2687; x_wconf 90' lang='grc'>11</span> <span class='ocrx_word' id='word_1_458' title='bbox 1114 2641 1245 2694; x_wconf 75' lang='lat' dir='ltr'>dixit]</span> <span class='ocrx_word' id='word_1_459' title='bbox 1273 2644 1517 2696; x_wconf 86' lang='lat' dir='ltr'>exspectes</span> <span class='ocrx_word' id='word_1_460' title='bbox 1543 2636 1751 2690; x_wconf 79' lang='lat' dir='ltr'>tradidit,</span> <span class='ocrx_word' id='word_1_461' title='bbox 1788 2635 1973 2679; x_wconf 76' lang='lat' dir='ltr'>advexit</span> 
     </span>
     <span class='ocr_line' id='line_1_36' title="bbox 157 2702 1970 2774; baseline -0.006 -19"><span class='ocrx_word' id='word_1_462' title='bbox 157 2713 233 2755; x_wconf 81' lang='lat' dir='ltr'>vel</span> <span class='ocrx_word' id='word_1_463' title='bbox 259 2712 346 2754; x_wconf 83' lang='lat' dir='ltr'>talc</span> <span class='ocrx_word' id='word_1_464' title='bbox 376 2711 500 2769; x_wconf 87' lang='lat' dir='ltr'>quid.</span> <span class='ocrx_word' id='word_1_465' title='bbox 531 2704 552 2774; x_wconf 95' lang='grc' dir='ltr'>Η</span> <span class='ocrx_word' id='word_1_466' title='bbox 590 2714 644 2757; x_wconf 87' lang='grc'>14</span> <span class='ocrx_word' id='word_1_467' title='bbox 666 2713 712 2754; x_wconf 90' lang='lat' dir='ltr'>in</span> <span class='ocrx_word' id='word_1_468' title='bbox 740 2723 829 2756; x_wconf 86' lang='lat' dir='ltr'>orn.</span> <span class='ocrx_word' id='word_1_469' title='bbox 865 2702 887 2773; x_wconf 94' lang='grc' dir='ltr'>Η</span> <span class='ocrx_word' id='word_1_470' title='bbox 924 2716 975 2756; x_wconf 80' lang='lat'>15</span> <span class='ocrx_word' id='word_1_471' title='bbox 1005 2710 1161 2755; x_wconf 87' lang='lat' dir='ltr'>Cronii</span> <span class='ocrx_word' id='word_1_472' title='bbox 1180 2710 1266 2753; x_wconf 92' lang='lat' dir='ltr'>W:</span> <span class='ocrx_word' id='word_1_473' title='bbox 1296 2703 1438 2754; x_wconf 84' lang='lat' dir='ltr'>Croni</span> <span class='ocrx_word' id='word_1_474' title='bbox 1458 2706 1516 2761; x_wconf 91' lang='lat' dir='ltr'>C;</span> <span class='ocrx_word' id='word_1_475' title='bbox 1558 2705 1765 2751; x_wconf 75' lang='lat' dir='ltr'>Chthonii</span> <span class='ocrx_word' id='word_1_476' title='bbox 1788 2703 1840 2748; x_wconf 90' lang='grc' dir='ltr'>Ο.</span> <span class='ocrx_word' id='word_1_477' title='bbox 1868 2702 1970 2746; x_wconf 83' lang='lat' dir='ltr'>lah-</span> 
     </span>
     <span class='ocr_line' id='line_1_37' title="bbox 159 2764 1947 2842; baseline -0.004 -20"><span class='ocrx_word' id='word_1_478' title='bbox 159 2781 262 2823; x_wconf 86' lang='lat' dir='ltr'>nius</span> <span class='ocrx_word' id='word_1_479' title='bbox 288 2774 309 2841; x_wconf 94' lang='grc' dir='ltr'>Η</span> <span class='ocrx_word' id='word_1_480' title='bbox 342 2784 390 2828; x_wconf 88' lang='lat'>17</span> <span class='ocrx_word' id='word_1_481' title='bbox 416 2781 492 2824; x_wconf 85' lang='lat' dir='ltr'>obs</span> <span class='ocrx_word' id='word_1_482' title='bbox 520 2781 577 2834; x_wconf 89' lang='lat' dir='ltr'>C;</span> <span class='ocrx_word' id='word_1_483' title='bbox 609 2780 702 2825; x_wconf 89' lang='lat' dir='ltr'>Cic.</span> <span class='ocrx_word' id='word_1_484' title='bbox 740 2779 848 2837; x_wconf 91' lang='lat' dir='ltr'>Upis</span> <span class='ocrx_word' id='word_1_485' title='bbox 872 2781 946 2822; x_wconf 86' lang='lat' dir='ltr'>vel</span> <span class='ocrx_word' id='word_1_486' title='bbox 971 2779 1077 2834; x_wconf 85' lang='lat' dir='ltr'>Opis</span> <span class='ocrx_word' id='word_1_487' title='bbox 1102 2772 1123 2842; x_wconf 96' lang='grc' dir='ltr'>Η</span> <span class='ocrx_word' id='word_1_488' title='bbox 1152 2778 1320 2823; x_wconf 85' lang='lat' dir='ltr'>Glauce</span> <span class='ocrx_word' id='word_1_489' title='bbox 1343 2778 1405 2821; x_wconf 92' lang='lat' dir='ltr'>W</span> <span class='ocrx_word' id='word_1_490' title='bbox 1435 2790 1494 2820; x_wconf 87' lang='lat' dir='ltr'>ex</span> <span class='ocrx_word' id='word_1_491' title='bbox 1514 2774 1615 2819; x_wconf 86' lang='lat' dir='ltr'>Cic:</span> <span class='ocrx_word' id='word_1_492' title='bbox 1644 2774 1811 2818; x_wconf 83' lang='lat' dir='ltr'>Glauco</span> <span class='ocrx_word' id='word_1_493' title='bbox 1830 2770 1899 2815; x_wconf 92' lang='lat' dir='ltr'>CE</span> <span class='ocrx_word' id='word_1_494' title='bbox 1925 2764 1947 2835; x_wconf 94' lang='grc' dir='ltr'>Η</span> 
     </span>
     <span class='ocr_line' id='line_1_38' title="bbox 161 2836 1970 2909; baseline -0.006 -16"><span class='ocrx_word' id='word_1_495' title='bbox 161 2852 215 2895; x_wconf 84' lang='grc'>18</span> <span class='ocrx_word' id='word_1_496' title='bbox 238 2850 395 2906; x_wconf 81' lang='lat' dir='ltr'>Apollo</span> <span class='ocrx_word' id='word_1_497' title='bbox 416 2851 578 2904; x_wconf 82' lang='lat' dir='ltr'>dictus]</span> <span class='ocrx_word' id='word_1_498' title='bbox 606 2851 638 2893; x_wconf 92' lang='grc' dir='ltr'>Ι.</span> <span class='ocrx_word' id='word_1_499' title='bbox 660 2848 778 2906; x_wconf 87' lang='lat' dir='ltr'>Lyd.</span> <span class='ocrx_word' id='word_1_500' title='bbox 807 2847 995 2909; x_wconf 77' lang='grc' dir='ltr'><strong><em>πρῶτος</em></strong></span> <span class='ocrx_word' id='word_1_501' title='bbox 1015 2839 1316 2901; x_wconf 81' lang='grc' dir='ltr'><strong><em>’Λπόλλωνος</em></strong></span> <span class='ocrx_word' id='word_1_502' title='bbox 1340 2844 1425 2890; x_wconf 86' lang='grc' dir='ltr'>τοῦ</span> <span class='ocrx_word' id='word_1_503' title='bbox 1442 2836 1734 2903; x_wconf 83' lang='grc' dir='ltr'><strong><em>Ἡφαίστου;</em></strong></span> <span class='ocrx_word' id='word_1_504' title='bbox 1761 2841 1970 2890; x_wconf 82' lang='lat' dir='ltr'>Halmius</span> 
     </span>
     <span class='ocr_line' id='line_1_39' title="bbox 153 2907 1968 2978; baseline -0.003 -19"><span class='ocrx_word' id='word_1_505' title='bbox 153 2919 335 2973; x_wconf 84' lang='lat' dir='ltr'>primus</span> <span class='ocrx_word' id='word_1_506' title='bbox 354 2919 572 2974; x_wconf 78' lang='lat' dir='ltr'>Apollinis</span> <span class='ocrx_word' id='word_1_507' title='bbox 602 2920 687 2976; x_wconf 83' lang='lat' dir='ltr'>filii</span> <span class='ocrx_word' id='word_1_508' title='bbox 730 2918 919 2963; x_wconf 86' lang='lat' dir='ltr'>Volcani</span> <span class='ocrx_word' id='word_1_509' title='bbox 944 2917 1066 2974; x_wconf 83' lang='lat' dir='ltr'>filius</span> <span class='ocrx_word' id='word_1_510' title='bbox 1101 2931 1159 2960; x_wconf 85' lang='lat' dir='ltr'>ex</span> <span class='ocrx_word' id='word_1_511' title='bbox 1190 2915 1283 2960; x_wconf 87' lang='lat' dir='ltr'>Cic.</span> <span class='ocrx_word' id='word_1_512' title='bbox 1318 2908 1339 2978; x_wconf 95' lang='grc' dir='ltr'>Η</span> <span class='ocrx_word' id='word_1_513' title='bbox 1380 2918 1431 2961; x_wconf 90' lang='grc'>19</span> <span class='ocrx_word' id='word_1_514' title='bbox 1457 2914 1582 2958; x_wconf 77' lang='lat' dir='ltr'>Elati</span> <span class='ocrx_word' id='word_1_515' title='bbox 1601 2913 1664 2956; x_wconf 92' lang='lat' dir='ltr'>W</span> <span class='ocrx_word' id='word_1_516' title='bbox 1692 2924 1749 2954; x_wconf 88' lang='lat' dir='ltr'>ex</span> <span class='ocrx_word' id='word_1_517' title='bbox 1782 2910 1813 2953; x_wconf 92' lang='lat' dir='ltr'>I.</span> <span class='ocrx_word' id='word_1_518' title='bbox 1849 2907 1968 2967; x_wconf 88' lang='lat' dir='ltr'>Lyd.</span> 
     </span>
     <span class='ocr_line' id='line_1_40' title="bbox 159 2971 1971 3051; baseline -0.004 -21"><span class='ocrx_word' id='word_1_519' title='bbox 159 2988 202 3039; x_wconf 83' lang='lat'>4,</span> <span class='ocrx_word' id='word_1_520' title='bbox 227 2991 309 3033; x_wconf 88' lang='lat'>90:</span> <span class='ocrx_word' id='word_1_521' title='bbox 338 2987 424 3030; x_wconf 88' lang='lat' dir='ltr'>Lai</span> <span class='ocrx_word' id='word_1_522' title='bbox 449 2987 519 3031; x_wconf 77' lang='grc' dir='ltr'>ΟΕ</span> <span class='ocrx_word' id='word_1_523' title='bbox 560 2981 582 3051; x_wconf 96' lang='grc' dir='ltr'>Η</span> <span class='ocrx_word' id='word_1_524' title='bbox 619 2987 820 3041; x_wconf 79' lang='lat' dir='ltr'>Arisleti]</span> <span class='ocrx_word' id='word_1_525' title='bbox 848 2987 1019 3030; x_wconf 86' lang='lat' dir='ltr'>rectius</span> <span class='ocrx_word' id='word_1_526' title='bbox 1038 2985 1230 3044; x_wconf 81' lang='lat' dir='ltr'>Arsippi</span> <span class='ocrx_word' id='word_1_527' title='bbox 1262 2998 1320 3028; x_wconf 84' lang='lat' dir='ltr'>ex</span> <span class='ocrx_word' id='word_1_528' title='bbox 1346 2983 1436 3029; x_wconf 90' lang='lat' dir='ltr'>Cic.</span> <span class='ocrx_word' id='word_1_529' title='bbox 1464 2988 1508 3026; x_wconf 88' lang='lat' dir='ltr'>et</span> <span class='ocrx_word' id='word_1_530' title='bbox 1534 2983 1568 3026; x_wconf 92' lang='lat' dir='ltr'>I.</span> <span class='ocrx_word' id='word_1_531' title='bbox 1592 2980 1723 3039; x_wconf 90' lang='lat' dir='ltr'>Lydo</span> <span class='ocrx_word' id='word_1_532' title='bbox 1760 2971 1783 3044; x_wconf 94' lang='grc' dir='ltr'>Η</span> <span class='ocrx_word' id='word_1_533' title='bbox 1816 2978 1971 3037; x_wconf 82' lang='lat' dir='ltr'>Alcip-</span> 
     </span>
    </p>
   </div>
   <div class='ocr_carea' id='block_1_3' title="bbox 2017 10 2020 591">
    <p class='ocr_par' dir='ltr' id='par_1_5' title="bbox 2017 10 2020 591">
     <span class='ocr_line' id='line_1_41' title="bbox 2017 10 2020 591; baseline 0 0"><span class='ocrx_word' id='word_1_534' title='bbox 2017 10 2020 591; x_wconf 95' lang='lat' dir='ltr'> </span> 
     </span>
    </p>
   </div>
   <div class='ocr_carea' id='block_1_4' title="bbox 2016 2002 2020 2596">
    <p class='ocr_par' dir='ltr' id='par_1_6' title="bbox 2016 2002 2020 2596">
     <span class='ocr_line' id='line_1_42' title="bbox 2016 2002 2020 2596; baseline 0 0"><span class='ocrx_word' id='word_1_535' title='bbox 2016 2002 2020 2596; x_wconf 95' lang='lat' dir='ltr'> </span> 
     </span>
    </p>
   </div>
  </div>
 </body>
</html>
