<?xml version="1.0" encoding="UTF-8"?>
<!DOCTYPE html PUBLIC "-//W3C//DTD XHTML 1.0 Transitional//EN"
    "http://www.w3.org/TR/xhtml1/DTD/xhtml1-transitional.dtd">
<html xmlns="http://www.w3.org/1999/xhtml" xml:lang="en" lang="en">
 <head>
  <title>
</title>
<meta http-equiv="Content-Type" content="text/html;charset=utf-8" />
  <meta name='ocr-system' content='tesseract 3.04.00' />
  <meta name='ocr-capabilities' content='ocr_page ocr_carea ocr_par ocr_line ocrx_word'/>
</head>
<body>
  <div class='ocr_page' id='page_1' title='image "./epitomaedetitoli00floruoft_0011.png"; bbox 0 0 2020 3168; ppageno 0'>
   <div class='ocr_carea' id='block_1_1' title="bbox 840 213 1935 253">
    <p class='ocr_par' dir='ltr' id='par_1_1' title="bbox 840 213 1935 253">
     <span class='ocr_line' id='line_1_1' title="bbox 840 213 1935 253; baseline 0.001 -1"><span class='ocrx_word' id='word_1_1' title='bbox 840 213 1186 253; x_wconf 82' lang='lat' dir='ltr'>PRAEFATIO.</span> <span class='ocrx_word' id='word_1_2' title='bbox 1846 216 1935 253; x_wconf 80' lang='lat' dir='ltr'>vlt</span> 
     </span>
    </p>
   </div>
   <div class='ocr_carea' id='block_1_2' title="bbox 98 331 1937 2964">
    <p class='ocr_par' dir='ltr' id='par_1_2' title="bbox 98 331 1937 2964">
     <span class='ocr_line' id='line_1_2' title="bbox 105 331 1935 392; baseline -0.002 -10"><span class='ocrx_word' id='word_1_3' title='bbox 105 337 237 382; x_wconf 69' lang='lat' dir='ltr'>litum</span> <span class='ocrx_word' id='word_1_4' title='bbox 263 335 516 381; x_wconf 80' lang='lat' dir='ltr'>exercitum</span> <span class='ocrx_word' id='word_1_5' title='bbox 541 334 707 392; x_wconf 80' lang='lat' dir='ltr'>populi</span> <span class='ocrx_word' id='word_1_6' title='bbox 721 332 924 379; x_wconf 86' lang='lat' dir='ltr'>Romani</span> <span class='ocrx_word' id='word_1_7' title='bbox 942 331 1146 391; x_wconf 66' lang='lat' dir='ltr'>faisse?x</span> <span class='ocrx_word' id='word_1_8' title='bbox 1168 333 1270 390; x_wconf 87' lang='lat' dir='ltr'>Ego</span> <span class='ocrx_word' id='word_1_9' title='bbox 1291 332 1478 390; x_wconf 89' lang='lat' dir='ltr'>quidem</span> <span class='ocrx_word' id='word_1_10' title='bbox 1508 346 1602 376; x_wconf 89' lang='lat' dir='ltr'>non</span> <span class='ocrx_word' id='word_1_11' title='bbox 1621 332 1760 377; x_wconf 87' lang='lat' dir='ltr'>video</span> <span class='ocrx_word' id='word_1_12' title='bbox 1777 368 1790 388; x_wconf 87' lang='lat'>,</span> <span class='ocrx_word' id='word_1_13' title='bbox 1819 334 1935 391; x_wconf 80' lang='lat' dir='ltr'>quid</span> 
     </span>
     <span class='ocr_line' id='line_1_3' title="bbox 107 401 1934 461; baseline -0.001 -10"><span class='ocrx_word' id='word_1_14' title='bbox 107 405 160 450; x_wconf 85' lang='lat' dir='ltr'>in</span> <span class='ocrx_word' id='word_1_15' title='bbox 177 404 267 450; x_wconf 87' lang='lat' dir='ltr'>hac</span> <span class='ocrx_word' id='word_1_16' title='bbox 293 402 482 450; x_wconf 86' lang='lat' dir='ltr'>dicendi</span> <span class='ocrx_word' id='word_1_17' title='bbox 514 403 694 448; x_wconf 72' lang='lat' dir='ltr'>radone</span> <span class='ocrx_word' id='word_1_18' title='bbox 722 404 995 448; x_wconf 75' lang='lat' dir='ltr'>‘ea-ercitum</span> <span class='ocrx_word' id='word_1_19' title='bbox 1017 403 1179 461; x_wconf 81' lang='lat' dir='ltr'>populi</span> <span class='ocrx_word' id='word_1_20' title='bbox 1199 401 1260 447; x_wconf 79' lang='lat' dir='ltr'>R.</span> <span class='ocrx_word' id='word_1_21' title='bbox 1286 413 1343 447; x_wconf 90' lang='lat' dir='ltr'>ea</span> <span class='ocrx_word' id='word_1_22' title='bbox 1373 403 1535 447; x_wconf 72' lang='lat' dir='ltr'>virmte</span> <span class='ocrx_word' id='word_1_23' title='bbox 1559 402 1743 447; x_wconf 84' lang='lat' dir='ltr'>militum</span> <span class='ocrx_word' id='word_1_24' title='bbox 1762 401 1934 460; x_wconf 71' lang='lat' dir='ltr'>fuisse’</span> 
     </span>
     <span class='ocr_line' id='line_1_4' title="bbox 108 471 1934 533; baseline 0 -15"><span class='ocrx_word' id='word_1_25' title='bbox 108 479 238 520; x_wconf 79' lang='lat' dir='ltr'>recte</span> <span class='ocrx_word' id='word_1_26' title='bbox 263 471 544 533; x_wconf 82' lang='lat' dir='ltr'>reprehendi</span> <span class='ocrx_word' id='word_1_27' title='bbox 565 472 731 531; x_wconf 87' lang='lat' dir='ltr'>possit.</span> <span class='ocrx_word' id='word_1_28' title='bbox 773 473 929 519; x_wconf 77' lang='lat' dir='ltr'>Lectio</span> <span class='ocrx_word' id='word_1_29' title='bbox 943 507 954 527; x_wconf 96' lang='lat'>‚</span> <span class='ocrx_word' id='word_1_30' title='bbox 977 484 1117 530; x_wconf 86' lang='lat' dir='ltr'>quam</span> <span class='ocrx_word' id='word_1_31' title='bbox 1140 472 1280 517; x_wconf 86' lang='lat' dir='ltr'>habet</span> <span class='ocrx_word' id='word_1_32' title='bbox 1306 471 1494 518; x_wconf 84' lang='lat' dir='ltr'><strong>Iahnius</strong></span> <span class='ocrx_word' id='word_1_33' title='bbox 1521 471 1644 531; x_wconf 76' lang='lat' dir='ltr'>‘quis</span> <span class='ocrx_word' id='word_1_34' title='bbox 1666 484 1775 531; x_wconf 73' lang='lat' dir='ltr'>erqo</span> <span class='ocrx_word' id='word_1_35' title='bbox 1794 475 1934 518; x_wconf 85' lang='lat' dir='ltr'>mire.-</span> 
     </span>
     <span class='ocr_line' id='line_1_5' title="bbox 103 541 1936 601; baseline 0 -13"><span class='ocrx_word' id='word_1_36' title='bbox 103 548 186 588; x_wconf 73' lang='lat' dir='ltr'>tur</span> <span class='ocrx_word' id='word_1_37' title='bbox 218 544 284 589; x_wconf 84' lang='lat' dir='ltr'>eis</span> <span class='ocrx_word' id='word_1_38' title='bbox 311 543 538 598; x_wconf 84' lang='lat' dir='ltr'>maribus,</span> <span class='ocrx_word' id='word_1_39' title='bbox 572 543 819 588; x_wconf 79' lang='lat' dir='ltr'>ea·..virtute</span> <span class='ocrx_word' id='word_1_40' title='bbox 843 542 1030 586; x_wconf 68' lang='lat' dir='ltr'>militiam</span> <span class='ocrx_word' id='word_1_41' title='bbox 1063 543 1294 588; x_wconf 77' lang='lat' dir='ltr'>victorem.</span> <span class='ocrx_word' id='word_1_42' title='bbox 1304 543 1527 600; x_wconf 84' lang='lat' dir='ltr'>populum</span> <span class='ocrx_word' id='word_1_43' title='bbox 1549 542 1612 587; x_wconf 87' lang='lat' dir='ltr'>R.</span> <span class='ocrx_word' id='word_1_44' title='bbox 1631 541 1846 601; x_wconf 80' lang='lat' dir='ltr'>fuisse?&#39;</span> <span class='ocrx_word' id='word_1_45' title='bbox 1873 557 1936 589; x_wconf 83' lang='lat' dir='ltr'>ex</span> 
     </span>
     <span class='ocr_line' id='line_1_6' title="bbox 109 611 1935 671; baseline 0.001 -14"><span class='ocrx_word' id='word_1_46' title='bbox 109 613 464 671; x_wconf 80' lang='lat' dir='ltr'>interpolatione</span> <span class='ocrx_word' id='word_1_47' title='bbox 489 615 590 656; x_wconf 85' lang='lat' dir='ltr'>orta</span> <span class='ocrx_word' id='word_1_48' title='bbox 609 616 696 656; x_wconf 86' lang='lat' dir='ltr'>est.</span> <span class='ocrx_word' id='word_1_49' title='bbox 715 634 788 643; x_wconf 95' lang='lat'><strong>—</strong></span> <span class='ocrx_word' id='word_1_50' title='bbox 808 616 882 665; x_wconf 90' lang='lat'>20,</span> <span class='ocrx_word' id='word_1_51' title='bbox 911 614 967 658; x_wconf 82' lang='lat'>14</span> <span class='ocrx_word' id='word_1_52' title='bbox 983 613 1048 656; x_wconf 86' lang='lat' dir='ltr'>ita</span> <span class='ocrx_word' id='word_1_53' title='bbox 1066 616 1172 656; x_wconf 80' lang='lat' dir='ltr'>ante</span> <span class='ocrx_word' id='word_1_54' title='bbox 1196 613 1409 656; x_wconf 77' lang='lat' dir='ltr'>timuerat</span> <span class='ocrx_word' id='word_1_55' title='bbox 1426 617 1612 669; x_wconf 73' lang='lat' dir='ltr'>praete-r</span> <span class='ocrx_word' id='word_1_56' title='bbox 1631 611 1669 656; x_wconf 94' lang='lat' dir='ltr'><strong>B</strong></span> <span class='ocrx_word' id='word_1_57' title='bbox 1695 612 1833 656; x_wconf 80' lang='lat' dir='ltr'>etiam</span> <span class='ocrx_word' id='word_1_58' title='bbox 1854 614 1935 659; x_wconf 88' lang='lat' dir='ltr'>ab-</span> 
     </span>
     <span class='ocr_line' id='line_1_7' title="bbox 101 679 1931 739; baseline 0.001 -14"><span class='ocrx_word' id='word_1_59' title='bbox 101 686 191 726; x_wconf 73' lang='lat' dir='ltr'>est</span> <span class='ocrx_word' id='word_1_60' title='bbox 215 684 283 727; x_wconf 78' lang='lat' dir='ltr'>ab·</span> <span class='ocrx_word' id='word_1_61' title='bbox 305 683 387 739; x_wconf 78' lang='lat' dir='ltr'>lep</span> <span class='ocrx_word' id='word_1_62' title='bbox 411 683 489 737; x_wconf 80' lang='lat' dir='ltr'>(et</span> <span class='ocrx_word' id='word_1_63' title='bbox 514 680 606 734; x_wconf 52' lang='lat' dir='ltr'>hv)</span> <span class='ocrx_word' id='word_1_64' title='bbox 633 683 683 724; x_wconf 78' lang='lat' dir='ltr'>et</span> <span class='ocrx_word' id='word_1_65' title='bbox 707 693 802 725; x_wconf 88' lang='lat' dir='ltr'>vox</span> <span class='ocrx_word' id='word_1_66' title='bbox 827 679 1072 725; x_wconf 88' lang='lat' dir='ltr'>adiecticia</span> <span class='ocrx_word' id='word_1_67' title='bbox 1094 680 1295 726; x_wconf 88' lang='lat' dir='ltr'>videtur.</span> <span class='ocrx_word' id='word_1_68' title='bbox 1321 703 1393 714; x_wconf 89' lang='lat'>—-</span> <span class='ocrx_word' id='word_1_69' title='bbox 1414 685 1496 739; x_wconf 86' lang='grc'>20,</span> <span class='ocrx_word' id='word_1_70' title='bbox 1515 686 1572 728; x_wconf 80' lang='grc'>25</span> <span class='ocrx_word' id='word_1_71' title='bbox 1598 682 1647 726; x_wconf 83' lang='lat' dir='ltr'>in</span> <span class='ocrx_word' id='word_1_72' title='bbox 1669 680 1757 726; x_wconf 77' lang='lat' dir='ltr'>hoc</span> <span class='ocrx_word' id='word_1_73' title='bbox 1780 686 1931 727; x_wconf 84' lang='lat' dir='ltr'>certa-</span> 
     </span>
     <span class='ocr_line' id='line_1_8' title="bbox 102 748 1933 809; baseline 0.001 -14"><span class='ocrx_word' id='word_1_74' title='bbox 102 751 228 795; x_wconf 72' lang='lat' dir='ltr'>tmine</span> <span class='ocrx_word' id='word_1_75' title='bbox 251 750 314 795; x_wconf 75' lang='lat' dir='ltr'>B:</span> <span class='ocrx_word' id='word_1_76' title='bbox 335 751 399 795; x_wconf 81' lang='lat' dir='ltr'>&#39;et</span> <span class='ocrx_word' id='word_1_77' title='bbox 417 749 569 794; x_wconf 68' lang='lat' dir='ltr'>initae</span> <span class='ocrx_word' id='word_1_78' title='bbox 590 750 836 794; x_wconf 76' lang='lat' dir='ltr'>certamine</span> <span class='ocrx_word' id='word_1_79' title='bbox 860 748 958 794; x_wconf 88' lang='grc' dir='ltr'>ΝΟ.</span> <span class='ocrx_word' id='word_1_80' title='bbox 984 772 1057 780; x_wconf 84' lang='grc'>-</span> <span class='ocrx_word' id='word_1_81' title='bbox 1082 754 1164 803; x_wconf 89' lang='grc'>21,</span> <span class='ocrx_word' id='word_1_82' title='bbox 1191 751 1222 796; x_wconf 82' lang='lat'>4</span> <span class='ocrx_word' id='word_1_83' title='bbox 1254 750 1434 794; x_wconf 85' lang='lat' dir='ltr'>restitui</span> <span class='ocrx_word' id='word_1_84' title='bbox 1463 755 1671 794; x_wconf 88' lang='lat' dir='ltr'>veterem</span> <span class='ocrx_word' id='word_1_85' title='bbox 1693 751 1933 809; x_wconf 84' lang='lat' dir='ltr'><strong>vulgatam</strong></span> 
     </span>
     <span class='ocr_line' id='line_1_9' title="bbox 100 817 1935 879; baseline 0 -15"><span class='ocrx_word' id='word_1_86' title='bbox 100 821 171 864; x_wconf 64' lang='lat' dir='ltr'>&#39;ita</span> <span class='ocrx_word' id='word_1_87' title='bbox 191 819 313 879; x_wconf 77' lang='lat' dir='ltr'>&#39;quae</span> <span class='ocrx_word' id='word_1_88' title='bbox 347 832 433 878; x_wconf 90' lang='lat' dir='ltr'>pro</span> <span class='ocrx_word' id='word_1_89' title='bbox 469 820 621 878; x_wconf 80' lang='lat' dir='ltr'>itaque</span> <span class='ocrx_word' id='word_1_90' title='bbox 647 817 816 873; x_wconf 86' lang='grc' dir='ltr'>(ΒΝΟ)</span> <span class='ocrx_word' id='word_1_91' title='bbox 842 822 887 862; x_wconf 88' lang='lat' dir='ltr'>et</span> <span class='ocrx_word' id='word_1_92' title='bbox 902 818 1136 876; x_wconf 83' lang='lat' dir='ltr'>posterius</span> <span class='ocrx_word' id='word_1_93' title='bbox 1160 818 1314 863; x_wconf 76' lang='lat' dir='ltr'>adhuc</span> <span class='ocrx_word' id='word_1_94' title='bbox 1337 819 1385 862; x_wconf 90' lang='lat' dir='ltr'>in</span> <span class='ocrx_word' id='word_1_95' title='bbox 1410 819 1510 864; x_wconf 91' lang='lat' dir='ltr'>solo</span> <span class='ocrx_word' id='word_1_96' title='bbox 1536 818 1574 863; x_wconf 93' lang='lat' dir='ltr'>B</span> <span class='ocrx_word' id='word_1_97' title='bbox 1600 825 1841 863; x_wconf 86' lang='lat' dir='ltr'>servatum</span> <span class='ocrx_word' id='word_1_98' title='bbox 1863 821 1935 864; x_wconf 90' lang='lat' dir='ltr'>in-</span> 
     </span>
     <span class='ocr_line' id='line_1_10' title="bbox 101 887 1933 946; baseline 0.001 -13"><span class='ocrx_word' id='word_1_99' title='bbox 101 889 245 934; x_wconf 83' lang='lat' dir='ltr'>clusi.</span> <span class='ocrx_word' id='word_1_100' title='bbox 287 890 495 934; x_wconf 79' lang='lat' dir='ltr'>Prorsus·</span> <span class='ocrx_word' id='word_1_101' title='bbox 511 892 665 932; x_wconf 86' lang='lat' dir='ltr'>tamen</span> <span class='ocrx_word' id='word_1_102' title='bbox 692 887 878 933; x_wconf 87' lang='lat' dir='ltr'>abicere</span> <span class='ocrx_word' id='word_1_103' title='bbox 898 888 1041 943; x_wconf 90' lang='lat' dir='ltr'>nolui,</span> <span class='ocrx_word' id='word_1_104' title='bbox 1065 901 1174 933; x_wconf 83' lang='lat' dir='ltr'>cum</span> <span class='ocrx_word' id='word_1_105' title='bbox 1201 888 1368 933; x_wconf 89' lang='lat' dir='ltr'>similis</span> <span class='ocrx_word' id='word_1_106' title='bbox 1389 888 1688 946; x_wconf 83' lang='lat' dir='ltr'>neglegentia</span> <span class='ocrx_word' id='word_1_107' title='bbox 1709 889 1933 935; x_wconf 86' lang='lat' dir='ltr'>orationis</span> 
     </span>
     <span class='ocr_line' id='line_1_11' title="bbox 99 948 1926 1018; baseline 0.001 -16"><span class='ocrx_word' id='word_1_108' title='bbox 99 958 247 1002; x_wconf 74' lang='lat' dir='ltr'>-eti‘am</span> <span class='ocrx_word' id='word_1_109' title='bbox 266 968 312 1016; x_wconf 56' lang='grc' dir='ltr'>Ρ,</span> <span class='ocrx_word' id='word_1_110' title='bbox 333 960 411 1013; x_wconf 87' lang='grc'>19,</span> <span class='ocrx_word' id='word_1_111' title='bbox 432 963 491 1005; x_wconf 89' lang='grc'>20</span> <span class='ocrx_word' id='word_1_112' title='bbox 517 948 564 1003; x_wconf 69' lang='lat' dir='ltr'>fii</span> <span class='ocrx_word' id='word_1_113' title='bbox 588 957 785 1015; x_wconf 80' lang='lat' dir='ltr'>repetito</span> <span class='ocrx_word' id='word_1_114' title='bbox 809 958 946 1018; x_wconf 83' lang='lat' dir='ltr'>quasi</span> <span class='ocrx_word' id='word_1_115' title='bbox 974 963 1265 1015; x_wconf 78' lang='lat' dir='ltr'>compareat:</span> <span class='ocrx_word' id='word_1_116' title='bbox 1296 960 1373 1002; x_wconf 90' lang='lat' dir='ltr'>cui</span> <span class='ocrx_word' id='word_1_117' title='bbox 1400 959 1538 1017; x_wconf 81' lang='lat' dir='ltr'>quasi</span> <span class='ocrx_word' id='word_1_118' title='bbox 1556 957 1614 1003; x_wconf 88' lang='lat' dir='ltr'>ab</span> <span class='ocrx_word' id='word_1_119' title='bbox 1641 970 1791 1017; x_wconf 74' lang='lat' dir='ltr'>anque</span> <span class='ocrx_word' id='word_1_120' title='bbox 1813 958 1926 1003; x_wconf 87' lang='lat' dir='ltr'>Ler-</span> 
     </span>
     <span class='ocr_line' id='line_1_12' title="bbox 99 1026 1934 1086; baseline -0.001 -14"><span class='ocrx_word' id='word_1_121' title='bbox 99 1039 225 1073; x_wconf 68' lang='lat' dir='ltr'>naeo</span> <span class='ocrx_word' id='word_1_122' title='bbox 252 1033 314 1072; x_wconf 80' lang='lat' dir='ltr'>tol</span> <span class='ocrx_word' id='word_1_123' title='bbox 344 1039 483 1072; x_wconf 87' lang='lat' dir='ltr'>caesa</span> <span class='ocrx_word' id='word_1_124' title='bbox 516 1026 710 1072; x_wconf 69' lang='lat' dir='ltr'>hostium</span> <span class='ocrx_word' id='word_1_125' title='bbox 734 1028 890 1085; x_wconf 85' lang='lat' dir='ltr'>capita</span> <span class='ocrx_word' id='word_1_126' title='bbox 923 1028 1059 1086; x_wconf 78' lang='lat' dir='ltr'>quasi</span> <span class='ocrx_word' id='word_1_127' title='bbox 1081 1027 1138 1071; x_wconf 86' lang='lat' dir='ltr'>de</span> <span class='ocrx_word' id='word_1_128' title='bbox 1159 1029 1382 1086; x_wconf 76' lang='lat' dir='ltr'>sanquine</span> <span class='ocrx_word' id='word_1_129' title='bbox 1407 1039 1490 1071; x_wconf 86' lang='lat' dir='ltr'>suo</span> <span class='ocrx_word' id='word_1_130' title='bbox 1515 1031 1839 1072; x_wconf 83' lang='lat' dir='ltr'>renascuntur.</span> <span class='ocrx_word' id='word_1_131' title='bbox 1861 1050 1934 1060; x_wconf 89' lang='lat'>——</span> 
     </span>
     <span class='ocr_line' id='line_1_13' title="bbox 102 1095 1930 1154; baseline -0.001 -12"><span class='ocrx_word' id='word_1_132' title='bbox 102 1100 188 1149; x_wconf 81' lang='lat'>21,</span> <span class='ocrx_word' id='word_1_133' title='bbox 205 1099 269 1146; x_wconf 58' lang='lat'>&lt;17</span> <span class='ocrx_word' id='word_1_134' title='bbox 298 1097 383 1142; x_wconf 84' lang='lat' dir='ltr'>sed</span> <span class='ocrx_word' id='word_1_135' title='bbox 407 1096 484 1142; x_wconf 75' lang='lat' dir='ltr'>hic</span> <span class='ocrx_word' id='word_1_136' title='bbox 510 1097 668 1142; x_wconf 80' lang='lat' dir='ltr'>melior</span> <span class='ocrx_word' id='word_1_137' title='bbox 690 1097 815 1153; x_wconf 88' lang='lat' dir='ltr'>(scil.</span> <span class='ocrx_word' id='word_1_138' title='bbox 844 1110 983 1154; x_wconf 88' lang='lat' dir='ltr'>quam</span> <span class='ocrx_word' id='word_1_139' title='bbox 1012 1095 1311 1152; x_wconf 82' lang='lat' dir='ltr'>Coriolanus)</span> <span class='ocrx_word' id='word_1_140' title='bbox 1347 1098 1412 1142; x_wconf 89' lang='lat' dir='ltr'>N:</span> <span class='ocrx_word' id='word_1_141' title='bbox 1447 1096 1532 1141; x_wconf 85' lang='lat' dir='ltr'>sed</span> <span class='ocrx_word' id='word_1_142' title='bbox 1552 1096 1670 1142; x_wconf 77' lang='lat' dir='ltr'>haec</span> <span class='ocrx_word' id='word_1_143' title='bbox 1693 1098 1853 1142; x_wconf 86' lang='lat' dir='ltr'>melior</span> <span class='ocrx_word' id='word_1_144' title='bbox 1875 1096 1930 1151; x_wconf 92' lang='lat' dir='ltr'>B,</span> 
     </span>
     <span class='ocr_line' id='line_1_14' title="bbox 99 1165 1933 1224; baseline 0.001 -14"><span class='ocrx_word' id='word_1_145' title='bbox 99 1167 191 1211; x_wconf 78' lang='lat' dir='ltr'>sed</span> <span class='ocrx_word' id='word_1_146' title='bbox 214 1166 427 1211; x_wconf 73' lang='lat' dir='ltr'>humilior</span> <span class='ocrx_word' id='word_1_147' title='bbox 457 1165 492 1211; x_wconf 94' lang='grc' dir='ltr'><strong>Ο</strong></span> <span class='ocrx_word' id='word_1_148' title='bbox 522 1180 582 1210; x_wconf 88' lang='lat' dir='ltr'>ex</span> <span class='ocrx_word' id='word_1_149' title='bbox 606 1167 727 1211; x_wconf 90' lang='lat' dir='ltr'>coni.</span> <span class='ocrx_word' id='word_1_150' title='bbox 747 1166 1059 1210; x_wconf 88' lang='lat' dir='ltr'>Mommsenii.</span> <span class='ocrx_word' id='word_1_151' title='bbox 1083 1190 1156 1199; x_wconf 96' lang='lat'>—-</span> <span class='ocrx_word' id='word_1_152' title='bbox 1181 1171 1254 1222; x_wconf 89' lang='lat'>21,</span> <span class='ocrx_word' id='word_1_153' title='bbox 1281 1171 1339 1213; x_wconf 88' lang='lat'>22</span> <span class='ocrx_word' id='word_1_154' title='bbox 1365 1167 1531 1224; x_wconf 88' lang='lat' dir='ltr'>reliqui</span> <span class='ocrx_word' id='word_1_155' title='bbox 1564 1167 1811 1211; x_wconf 89' lang='lat' dir='ltr'>lectionem</span> <span class='ocrx_word' id='word_1_156' title='bbox 1831 1167 1933 1212; x_wconf 89' lang='lat' dir='ltr'>vul-</span> 
     </span>
     <span class='ocr_line' id='line_1_15' title="bbox 103 1235 1932 1294; baseline 0 -15"><span class='ocrx_word' id='word_1_157' title='bbox 103 1241 263 1293; x_wconf 85' lang='lat' dir='ltr'>gatam</span> <span class='ocrx_word' id='word_1_158' title='bbox 286 1237 457 1294; x_wconf 68' lang='lat' dir='ltr'>‘prima</span> <span class='ocrx_word' id='word_1_159' title='bbox 482 1236 714 1281; x_wconf 74' lang='lat' dir='ltr'>discordia</span> <span class='ocrx_word' id='word_1_160' title='bbox 731 1235 786 1281; x_wconf 87' lang='lat' dir='ltr'>ob</span> <span class='ocrx_word' id='word_1_161' title='bbox 803 1237 1093 1294; x_wconf 80' lang='lat' dir='ltr'>inpotentiam</span> <span class='ocrx_word' id='word_1_162' title='bbox 1109 1235 1450 1294; x_wconf 85' lang='lat' dir='ltr'>feneratorum&#39;</span> <span class='ocrx_word' id='word_1_163' title='bbox 1463 1254 1479 1286; x_wconf 93' lang='lat'><em>;</em></span> <span class='ocrx_word' id='word_1_164' title='bbox 1502 1248 1796 1293; x_wconf 88' lang='lat' dir='ltr'>quamquam,</span> <span class='ocrx_word' id='word_1_165' title='bbox 1823 1248 1932 1280; x_wconf 85' lang='lat' dir='ltr'>cum</span> 
     </span>
     <span class='ocr_line' id='line_1_16' title="bbox 104 1304 1932 1363; baseline 0 -15"><span class='ocrx_word' id='word_1_166' title='bbox 104 1304 143 1348; x_wconf 93' lang='lat' dir='ltr'>B</span> <span class='ocrx_word' id='word_1_167' title='bbox 162 1305 332 1349; x_wconf 84' lang='lat' dir='ltr'>habeat</span> <span class='ocrx_word' id='word_1_168' title='bbox 357 1305 411 1350; x_wconf 87' lang='lat' dir='ltr'>ob</span> <span class='ocrx_word' id='word_1_169' title='bbox 435 1307 704 1362; x_wconf 80' lang='lat' dir='ltr'>inpotentia,</span> <span class='ocrx_word' id='word_1_170' title='bbox 736 1305 990 1349; x_wconf 85' lang='lat' dir='ltr'>admodum</span> <span class='ocrx_word' id='word_1_171' title='bbox 1015 1319 1279 1362; x_wconf 83' lang='lat' dir='ltr'>propensus</span> <span class='ocrx_word' id='word_1_172' title='bbox 1309 1319 1437 1350; x_wconf 90' lang='lat' dir='ltr'>eram</span> <span class='ocrx_word' id='word_1_173' title='bbox 1463 1304 1521 1349; x_wconf 89' lang='lat' dir='ltr'>ab</span> <span class='ocrx_word' id='word_1_174' title='bbox 1555 1306 1800 1363; x_wconf 79' lang='lat' dir='ltr'>inpotentia</span> <span class='ocrx_word' id='word_1_175' title='bbox 1829 1306 1932 1350; x_wconf 90' lang='lat' dir='ltr'>scil.</span> 
     </span>
     <span class='ocr_line' id='line_1_17' title="bbox 99 1373 1931 1430; baseline 0 -12"><span class='ocrx_word' id='word_1_176' title='bbox 99 1378 271 1419; x_wconf 80' lang='lat' dir='ltr'>exorta</span> <span class='ocrx_word' id='word_1_177' title='bbox 298 1379 364 1418; x_wconf 86' lang='lat' dir='ltr'>est</span> <span class='ocrx_word' id='word_1_178' title='bbox 396 1374 671 1419; x_wconf 65' lang='lat' dir='ltr'>emendare.&gt;</span> <span class='ocrx_word' id='word_1_179' title='bbox 693 1398 764 1405; x_wconf 87' lang='lat'>-—-</span> <span class='ocrx_word' id='word_1_180' title='bbox 785 1378 869 1430; x_wconf 88' lang='grc'>22,</span> <span class='ocrx_word' id='word_1_181' title='bbox 897 1377 954 1422; x_wconf 83' lang='lat'>13</span> <span class='ocrx_word' id='word_1_182' title='bbox 979 1373 1161 1419; x_wconf 84' lang='lat' dir='ltr'>addidit</span> <span class='ocrx_word' id='word_1_183' title='bbox 1179 1374 1369 1419; x_wconf 87' lang='lat' dir='ltr'>Iahnius</span> <span class='ocrx_word' id='word_1_184' title='bbox 1391 1388 1449 1418; x_wconf 89' lang='lat' dir='ltr'>ex</span> <span class='ocrx_word' id='word_1_185' title='bbox 1475 1388 1581 1420; x_wconf 88' lang='lat' dir='ltr'>mea</span> <span class='ocrx_word' id='word_1_186' title='bbox 1605 1374 1931 1424; x_wconf 85' lang='lat' dir='ltr'>emendatione</span> 
     </span>
     <span class='ocr_line' id='line_1_18' title="bbox 98 1443 1932 1503; baseline 0.001 -16"><span class='ocrx_word' id='word_1_187' title='bbox 98 1457 198 1502; x_wconf 74' lang='lat' dir='ltr'>qua</span> <span class='ocrx_word' id='word_1_188' title='bbox 236 1449 342 1487; x_wconf 84' lang='lat' dir='ltr'>ante</span> <span class='ocrx_word' id='word_1_189' title='bbox 369 1444 592 1503; x_wconf 79' lang='lat' dir='ltr'>quodam;</span> <span class='ocrx_word' id='word_1_190' title='bbox 631 1457 769 1502; x_wconf 87' lang='lat' dir='ltr'>quam</span> <span class='ocrx_word' id='word_1_191' title='bbox 803 1456 909 1488; x_wconf 90' lang='lat' dir='ltr'>cum</span> <span class='ocrx_word' id='word_1_192' title='bbox 943 1444 1122 1488; x_wconf 87' lang='lat' dir='ltr'>amicus</span> <span class='ocrx_word' id='word_1_193' title='bbox 1160 1457 1295 1488; x_wconf 89' lang='lat' dir='ltr'>meus</span> <span class='ocrx_word' id='word_1_194' title='bbox 1326 1444 1388 1488; x_wconf 88' lang='lat' dir='ltr'>ita</span> <span class='ocrx_word' id='word_1_195' title='bbox 1416 1443 1646 1502; x_wconf 86' lang='lat' dir='ltr'>refingere</span> <span class='ocrx_word' id='word_1_196' title='bbox 1675 1445 1840 1500; x_wconf 89' lang='lat' dir='ltr'>vellet,</span> <span class='ocrx_word' id='word_1_197' title='bbox 1883 1448 1932 1488; x_wconf 88' lang='lat' dir='ltr'>ut</span> 
     </span>
     <span class='ocr_line' id='line_1_19' title="bbox 104 1512 1937 1571; baseline 0.001 -16"><span class='ocrx_word' id='word_1_198' title='bbox 104 1513 259 1569; x_wconf 85' lang='lat' dir='ltr'>potius</span> <span class='ocrx_word' id='word_1_199' title='bbox 277 1525 397 1571; x_wconf 82' lang='lat' dir='ltr'>quae</span> <span class='ocrx_word' id='word_1_200' title='bbox 421 1512 691 1558; x_wconf 89' lang='lat' dir='ltr'>addendum</span> <span class='ocrx_word' id='word_1_201' title='bbox 715 1516 953 1567; x_wconf 81' lang='lat' dir='ltr'>censeret,</span> <span class='ocrx_word' id='word_1_202' title='bbox 979 1526 1147 1558; x_wconf 85' lang='lat' dir='ltr'>moneo</span> <span class='ocrx_word' id='word_1_203' title='bbox 1173 1515 1423 1558; x_wconf 90' lang='lat' dir='ltr'>verborum</span> <span class='ocrx_word' id='word_1_204' title='bbox 1448 1514 1664 1558; x_wconf 86' lang='lat' dir='ltr'>iniuriam</span> <span class='ocrx_word' id='word_1_205' title='bbox 1707 1527 1800 1558; x_wconf 83' lang='lat' dir='ltr'>non</span> <span class='ocrx_word' id='word_1_206' title='bbox 1837 1513 1937 1559; x_wconf 82' lang='lat' dir='ltr'>tulit</span> 
     </span>
     <span class='ocr_line' id='line_1_20' title="bbox 108 1581 1934 1639; baseline -0.001 -13"><span class='ocrx_word' id='word_1_207' title='bbox 108 1583 366 1627; x_wconf 83' lang='lat' dir='ltr'>subiectum</span> <span class='ocrx_word' id='word_1_208' title='bbox 385 1596 493 1627; x_wconf 89' lang='lat' dir='ltr'>esse</span> <span class='ocrx_word' id='word_1_209' title='bbox 513 1596 606 1627; x_wconf 92' lang='lat' dir='ltr'>non</span> <span class='ocrx_word' id='word_1_210' title='bbox 623 1595 773 1639; x_wconf 85' lang='lat' dir='ltr'>soror,</span> <span class='ocrx_word' id='word_1_211' title='bbox 804 1582 891 1627; x_wconf 90' lang='lat' dir='ltr'>sed</span> <span class='ocrx_word' id='word_1_212' title='bbox 911 1581 1049 1628; x_wconf 85' lang='lat' dir='ltr'>Stolo.</span> <span class='ocrx_word' id='word_1_213' title='bbox 1071 1607 1142 1615; x_wconf 80' lang='lat'>—</span> <span class='ocrx_word' id='word_1_214' title='bbox 1158 1586 1230 1639; x_wconf 87' lang='lat'>22,</span> <span class='ocrx_word' id='word_1_215' title='bbox 1240 1587 1296 1629; x_wconf 83' lang='lat'>25</span> <span class='ocrx_word' id='word_1_216' title='bbox 1317 1583 1394 1627; x_wconf 90' lang='lat' dir='ltr'>ubi</span> <span class='ocrx_word' id='word_1_217' title='bbox 1415 1582 1554 1627; x_wconf 89' lang='lat' dir='ltr'>codd.</span> <span class='ocrx_word' id='word_1_218' title='bbox 1579 1595 1743 1627; x_wconf 88' lang='lat' dir='ltr'>mance</span> <span class='ocrx_word' id='word_1_219' title='bbox 1763 1582 1934 1627; x_wconf 86' lang='lat' dir='ltr'>habent</span> 
     </span>
     <span class='ocr_line' id='line_1_21' title="bbox 100 1650 1924 1711; baseline 0.001 -17"><span class='ocrx_word' id='word_1_220' title='bbox 100 1650 366 1709; x_wconf 65' lang='lat' dir='ltr'>&#39;‘laryitione</span> <span class='ocrx_word' id='word_1_221' title='bbox 395 1652 601 1698; x_wconf 86' lang='lat' dir='ltr'>Cassium</span> <span class='ocrx_word' id='word_1_222' title='bbox 636 1654 832 1711; x_wconf 74' lang='lat' dir='ltr'>ayraria</span> <span class='ocrx_word' id='word_1_223' title='bbox 860 1653 958 1710; x_wconf 70' lang='lat' dir='ltr'>leqe</span> <span class='ocrx_word' id='word_1_224' title='bbox 981 1658 1240 1710; x_wconf 81' lang='lat' dir='ltr'>suspectum</span> <span class='ocrx_word' id='word_1_225' title='bbox 1269 1654 1425 1711; x_wconf 71' lang='lat' dir='ltr'>reyiae</span> <span class='ocrx_word' id='word_1_226' title='bbox 1449 1652 1765 1698; x_wconf 82' lang='lat' dir='ltr'>dominationis</span> <span class='ocrx_word' id='word_1_227' title='bbox 1785 1663 1924 1709; x_wconf 55' lang='lat' dir='ltr'>prae*</span> 
     </span>
     <span class='ocr_line' id='line_1_22' title="bbox 98 1722 1932 1780; baseline -0.001 -15"><span class='ocrx_word' id='word_1_228' title='bbox 98 1722 223 1765; x_wconf 77' lang='lat' dir='ltr'>senti</span> <span class='ocrx_word' id='word_1_229' title='bbox 246 1724 391 1767; x_wconf 87' lang='lat' dir='ltr'>morte</span> <span class='ocrx_word' id='word_1_230' title='bbox 422 1724 626 1769; x_wconf 79' lang='lat' dir='ltr'>multavit</span> <span class='ocrx_word' id='word_1_231' title='bbox 649 1723 819 1780; x_wconf 89' lang='lat' dir='ltr'>scripsi</span> <span class='ocrx_word' id='word_1_232' title='bbox 857 1736 917 1767; x_wconf 84' lang='lat' dir='ltr'>ex</span> <span class='ocrx_word' id='word_1_233' title='bbox 943 1724 1120 1767; x_wconf 84' lang='lat' dir='ltr'>incerta</span> <span class='ocrx_word' id='word_1_234' title='bbox 1150 1723 1449 1768; x_wconf 86' lang='lat' dir='ltr'>coniectura:</span> <span class='ocrx_word' id='word_1_235' title='bbox 1497 1722 1702 1768; x_wconf 84' lang='lat' dir='ltr'>Cassium</span> <span class='ocrx_word' id='word_1_236' title='bbox 1737 1722 1932 1779; x_wconf 62' lang='lat' dir='ltr'>agraria</span> 
     </span>
     <span class='ocr_line' id='line_1_23' title="bbox 105 1789 1930 1851; baseline 0.001 -18"><span class='ocrx_word' id='word_1_237' title='bbox 105 1791 224 1848; x_wconf 73' lang='lat' dir='ltr'>leye,</span> <span class='ocrx_word' id='word_1_238' title='bbox 253 1789 473 1836; x_wconf 84' lang='lat' dir='ltr'>Maelium</span> <span class='ocrx_word' id='word_1_239' title='bbox 497 1793 738 1851; x_wconf 72' lang='lat' dir='ltr'>laryitione</span> <span class='ocrx_word' id='word_1_240' title='bbox 756 1796 1017 1850; x_wconf 84' lang='lat' dir='ltr'>suspectum</span> <span class='ocrx_word' id='word_1_241' title='bbox 1046 1798 1158 1848; x_wconf 87' lang='lat' dir='ltr'>etc.‚</span> <span class='ocrx_word' id='word_1_242' title='bbox 1185 1806 1289 1837; x_wconf 89' lang='lat' dir='ltr'>cum</span> <span class='ocrx_word' id='word_1_243' title='bbox 1316 1793 1544 1836; x_wconf 88' lang='lat' dir='ltr'>noluerim</span> <span class='ocrx_word' id='word_1_244' title='bbox 1564 1792 1610 1835; x_wconf 91' lang='lat' dir='ltr'>in</span> <span class='ocrx_word' id='word_1_245' title='bbox 1630 1793 1707 1836; x_wconf 85' lang='lat' dir='ltr'>tali</span> <span class='ocrx_word' id='word_1_246' title='bbox 1728 1790 1930 1835; x_wconf 84' lang='lat' dir='ltr'>editione</span> 
     </span>
     <span class='ocr_line' id='line_1_24' title="bbox 104 1859 1933 1919; baseline 0.001 -17"><span class='ocrx_word' id='word_1_247' title='bbox 104 1859 322 1903; x_wconf 83' lang='lat' dir='ltr'>lacunam</span> <span class='ocrx_word' id='word_1_248' title='bbox 342 1860 390 1903; x_wconf 91' lang='lat' dir='ltr'>in</span> <span class='ocrx_word' id='word_1_249' title='bbox 415 1866 578 1918; x_wconf 87' lang='lat' dir='ltr'>aperta</span> <span class='ocrx_word' id='word_1_250' title='bbox 598 1862 827 1906; x_wconf 82' lang='lat' dir='ltr'>sententia</span> <span class='ocrx_word' id='word_1_251' title='bbox 849 1862 1128 1919; x_wconf 88' lang='lat' dir='ltr'>relinquere.</span> <span class='ocrx_word' id='word_1_252' title='bbox 1167 1862 1335 1907; x_wconf 87' lang='lat' dir='ltr'>Contra</span> <span class='ocrx_word' id='word_1_253' title='bbox 1353 1876 1399 1919; x_wconf 91' lang='lat' dir='ltr'>p.</span> <span class='ocrx_word' id='word_1_254' title='bbox 1413 1863 1484 1918; x_wconf 87' lang='lat'>23,</span> <span class='ocrx_word' id='word_1_255' title='bbox 1507 1865 1536 1908; x_wconf 86' lang='lat'>4</span> <span class='ocrx_word' id='word_1_256' title='bbox 1555 1875 1613 1905; x_wconf 85' lang='lat' dir='ltr'>ex</span> <span class='ocrx_word' id='word_1_257' title='bbox 1633 1865 1759 1905; x_wconf 87' lang='lat' dir='ltr'>certa</span> <span class='ocrx_word' id='word_1_258' title='bbox 1777 1874 1933 1905; x_wconf 85' lang='lat' dir='ltr'>emen-</span> 
     </span>
     <span class='ocr_line' id='line_1_25' title="bbox 108 1927 1934 1988; baseline 0.002 -17"><span class='ocrx_word' id='word_1_259' title='bbox 108 1927 296 1973; x_wconf 84' lang='lat' dir='ltr'>datione</span> <span class='ocrx_word' id='word_1_260' title='bbox 326 1929 439 1974; x_wconf 86' lang='lat' dir='ltr'>mihi</span> <span class='ocrx_word' id='word_1_261' title='bbox 469 1931 718 1988; x_wconf 86' lang='lat' dir='ltr'>scripsisse</span> <span class='ocrx_word' id='word_1_262' title='bbox 745 1930 937 1977; x_wconf 90' lang='lat' dir='ltr'>videor:</span> <span class='ocrx_word' id='word_1_263' title='bbox 975 1936 1065 1976; x_wconf 84' lang='lat' dir='ltr'>tum</span> <span class='ocrx_word' id='word_1_264' title='bbox 1091 1933 1166 1977; x_wconf 88' lang='lat' dir='ltr'>ille</span> <span class='ocrx_word' id='word_1_265' title='bbox 1192 1944 1299 1978; x_wconf 84' lang='lat' dir='ltr'>vere</span> <span class='ocrx_word' id='word_1_266' title='bbox 1326 1931 1536 1976; x_wconf 82' lang='lat' dir='ltr'>robustus</span> <span class='ocrx_word' id='word_1_267' title='bbox 1570 1937 1611 1975; x_wconf 90' lang='lat' dir='ltr'>et</span> <span class='ocrx_word' id='word_1_268' title='bbox 1642 1932 1814 1976; x_wconf 82' lang='lat' dir='ltr'>iuvenis</span> <span class='ocrx_word' id='word_1_269' title='bbox 1835 1944 1934 1987; x_wconf 87' lang='lat' dir='ltr'>par</span> 
     </span>
     <span class='ocr_line' id='line_1_26' title="bbox 101 1997 1931 2058; baseline 0.002 -17"><span class='ocrx_word' id='word_1_270' title='bbox 101 1997 208 2042; x_wconf 79' lang='lat' dir='ltr'>orbi</span> <span class='ocrx_word' id='word_1_271' title='bbox 228 2002 461 2043; x_wconf 87' lang='lat' dir='ltr'>terrarum</span> <span class='ocrx_word' id='word_1_272' title='bbox 480 2012 578 2045; x_wconf 85' lang='lat' dir='ltr'>esse</span> <span class='ocrx_word' id='word_1_273' title='bbox 595 2002 754 2058; x_wconf 84' lang='lat' dir='ltr'>coepit.</span> <span class='ocrx_word' id='word_1_274' title='bbox 791 2001 947 2058; x_wconf 84' lang='lat' dir='ltr'>Vulgo</span> <span class='ocrx_word' id='word_1_275' title='bbox 968 2002 1209 2047; x_wconf 88' lang='lat' dir='ltr'>scribitur:</span> <span class='ocrx_word' id='word_1_276' title='bbox 1243 2006 1336 2046; x_wconf 84' lang='lat' dir='ltr'>tum</span> <span class='ocrx_word' id='word_1_277' title='bbox 1359 2002 1432 2045; x_wconf 86' lang='lat' dir='ltr'>ille</span> <span class='ocrx_word' id='word_1_278' title='bbox 1454 2016 1495 2047; x_wconf 88' lang='lat' dir='ltr'>v.</span> <span class='ocrx_word' id='word_1_279' title='bbox 1516 2001 1725 2046; x_wconf 83' lang='lat' dir='ltr'>robustus</span> <span class='ocrx_word' id='word_1_280' title='bbox 1748 2005 1791 2043; x_wconf 88' lang='lat' dir='ltr'>et</span> <span class='ocrx_word' id='word_1_281' title='bbox 1807 2001 1931 2045; x_wconf 83' lang='lat' dir='ltr'>iuve-</span> 
     </span>
     <span class='ocr_line' id='line_1_27' title="bbox 104 2068 1931 2128; baseline 0.001 -17"><span class='ocrx_word' id='word_1_282' title='bbox 104 2068 177 2111; x_wconf 85' lang='lat' dir='ltr'>nis</span> <span class='ocrx_word' id='word_1_283' title='bbox 210 2072 252 2111; x_wconf 83' lang='lat' dir='ltr'>et</span> <span class='ocrx_word' id='word_1_284' title='bbox 277 2082 371 2125; x_wconf 80' lang='lat' dir='ltr'>par</span> <span class='ocrx_word' id='word_1_285' title='bbox 400 2074 489 2115; x_wconf 90' lang='lat' dir='ltr'>etc.</span> <span class='ocrx_word' id='word_1_286' title='bbox 541 2069 639 2115; x_wconf 87' lang='lat' dir='ltr'>Sed</span> <span class='ocrx_word' id='word_1_287' title='bbox 658 2084 761 2115; x_wconf 91' lang='lat' dir='ltr'>cum</span> <span class='ocrx_word' id='word_1_288' title='bbox 782 2070 829 2114; x_wconf 90' lang='lat' dir='ltr'>in</span> <span class='ocrx_word' id='word_1_289' title='bbox 850 2070 886 2114; x_wconf 93' lang='lat' dir='ltr'>B</span> <span class='ocrx_word' id='word_1_290' title='bbox 911 2076 955 2115; x_wconf 82' lang='lat' dir='ltr'>et</span> <span class='ocrx_word' id='word_1_291' title='bbox 978 2076 1081 2115; x_wconf 88' lang='lat' dir='ltr'>ante</span> <span class='ocrx_word' id='word_1_292' title='bbox 1106 2073 1279 2117; x_wconf 86' lang='lat' dir='ltr'>iuvenis</span> <span class='ocrx_word' id='word_1_293' title='bbox 1307 2070 1452 2124; x_wconf 84' lang='lat' dir='ltr'>desit,</span> <span class='ocrx_word' id='word_1_294' title='bbox 1488 2071 1681 2128; x_wconf 86' lang='lat' dir='ltr'>copula,</span> <span class='ocrx_word' id='word_1_295' title='bbox 1714 2082 1832 2126; x_wconf 85' lang='lat' dir='ltr'>quac</span> <span class='ocrx_word' id='word_1_296' title='bbox 1854 2069 1931 2113; x_wconf 85' lang='lat' dir='ltr'>hic</span> 
     </span>
     <span class='ocr_line' id='line_1_28' title="bbox 107 2138 1932 2198; baseline 0.002 -18"><span class='ocrx_word' id='word_1_297' title='bbox 107 2139 403 2193; x_wconf 84' lang='lat' dir='ltr'>necessaria,</span> <span class='ocrx_word' id='word_1_298' title='bbox 442 2143 546 2184; x_wconf 87' lang='lat' dir='ltr'>ante</span> <span class='ocrx_word' id='word_1_299' title='bbox 568 2153 667 2198; x_wconf 83' lang='lat' dir='ltr'>par</span> <span class='ocrx_word' id='word_1_300' title='bbox 685 2140 855 2184; x_wconf 86' lang='lat' dir='ltr'>vitiosa</span> <span class='ocrx_word' id='word_1_301' title='bbox 885 2146 978 2195; x_wconf 86' lang='lat' dir='ltr'>est,</span> <span class='ocrx_word' id='word_1_302' title='bbox 998 2141 1150 2185; x_wconf 89' lang='lat' dir='ltr'>locum</span> <span class='ocrx_word' id='word_1_303' title='bbox 1179 2155 1312 2186; x_wconf 91' lang='lat' dir='ltr'>suum</span> <span class='ocrx_word' id='word_1_304' title='bbox 1332 2139 1518 2185; x_wconf 84' lang='lat' dir='ltr'>videtur</span> <span class='ocrx_word' id='word_1_305' title='bbox 1534 2145 1758 2184; x_wconf 82' lang='lat' dir='ltr'>mutasse.</span> <span class='ocrx_word' id='word_1_306' title='bbox 1813 2138 1932 2183; x_wconf 81' lang='lat' dir='ltr'>Nam</span> 
     </span>
     <span class='ocr_line' id='line_1_29' title="bbox 106 2206 1931 2268; baseline 0 -18"><span class='ocrx_word' id='word_1_307' title='bbox 106 2207 184 2263; x_wconf 90' lang='lat' dir='ltr'>qui</span> <span class='ocrx_word' id='word_1_308' title='bbox 221 2209 554 2253; x_wconf 83' lang='lat' dir='ltr'>sententiarum</span> <span class='ocrx_word' id='word_1_309' title='bbox 587 2223 755 2254; x_wconf 87' lang='lat' dir='ltr'>nexum</span> <span class='ocrx_word' id='word_1_310' title='bbox 776 2213 903 2254; x_wconf 85' lang='lat' dir='ltr'>recte</span> <span class='ocrx_word' id='word_1_311' title='bbox 923 2210 1247 2268; x_wconf 86' lang='lat' dir='ltr'>perpenderit,</span> <span class='ocrx_word' id='word_1_312' title='bbox 1284 2211 1541 2267; x_wconf 85' lang='lat' dir='ltr'>intelleget,</span> <span class='ocrx_word' id='word_1_313' title='bbox 1580 2209 1770 2266; x_wconf 86' lang='lat' dir='ltr'>opinor,</span> <span class='ocrx_word' id='word_1_314' title='bbox 1802 2206 1931 2252; x_wconf 83' lang='lat' dir='ltr'>adie-</span> 
     </span>
     <span class='ocr_line' id='line_1_30' title="bbox 107 2277 1933 2337; baseline 0.001 -18"><span class='ocrx_word' id='word_1_315' title='bbox 107 2277 279 2320; x_wconf 85' lang='lat' dir='ltr'>ctivum</span> <span class='ocrx_word' id='word_1_316' title='bbox 300 2291 398 2334; x_wconf 88' lang='lat' dir='ltr'>par</span> <span class='ocrx_word' id='word_1_317' title='bbox 423 2280 572 2323; x_wconf 88' lang='lat' dir='ltr'>solum</span> <span class='ocrx_word' id='word_1_318' title='bbox 605 2292 712 2324; x_wconf 89' lang='lat' dir='ltr'>esse</span> <span class='ocrx_word' id='word_1_319' title='bbox 741 2279 1063 2337; x_wconf 78' lang='lat' dir='ltr'>praedicatum</span> <span class='ocrx_word' id='word_1_320' title='bbox 1095 2280 1294 2324; x_wconf 88' lang='lat' dir='ltr'>nominis</span> <span class='ocrx_word' id='word_1_321' title='bbox 1324 2280 1421 2332; x_wconf 87' lang='lat' dir='ltr'>ille,</span> <span class='ocrx_word' id='word_1_322' title='bbox 1459 2284 1619 2323; x_wconf 84' lang='lat' dir='ltr'>contra</span> <span class='ocrx_word' id='word_1_323' title='bbox 1654 2277 1864 2322; x_wconf 82' lang='lat' dir='ltr'>robustus</span> <span class='ocrx_word' id='word_1_324' title='bbox 1891 2282 1933 2320; x_wconf 87' lang='lat' dir='ltr'>et</span> 
     </span>
     <span class='ocr_line' id='line_1_31' title="bbox 102 2346 1932 2407; baseline 0.001 -19"><span class='ocrx_word' id='word_1_325' title='bbox 102 2346 277 2391; x_wconf 81' lang='lat' dir='ltr'>iuvenis</span> <span class='ocrx_word' id='word_1_326' title='bbox 306 2347 408 2392; x_wconf 88' lang='lat' dir='ltr'>eius</span> <span class='ocrx_word' id='word_1_327' title='bbox 434 2349 646 2393; x_wconf 85' lang='lat' dir='ltr'>attributa</span> <span class='ocrx_word' id='word_1_328' title='bbox 671 2362 789 2407; x_wconf 85' lang='lat' dir='ltr'>quae</span> <span class='ocrx_word' id='word_1_329' title='bbox 811 2356 1053 2395; x_wconf 84' lang='lat' dir='ltr'>vocantur.</span> <span class='ocrx_word' id='word_1_330' title='bbox 1075 2375 1145 2381; x_wconf 94' lang='lat'><strong>—</strong></span> <span class='ocrx_word' id='word_1_331' title='bbox 1162 2354 1235 2403; x_wconf 87' lang='lat'>23,</span> <span class='ocrx_word' id='word_1_332' title='bbox 1260 2354 1312 2396; x_wconf 83' lang='lat'>15</span> <span class='ocrx_word' id='word_1_333' title='bbox 1339 2349 1588 2394; x_wconf 79' lang='lat' dir='ltr'>abscissam</span> <span class='ocrx_word' id='word_1_334' title='bbox 1613 2348 1679 2391; x_wconf 87' lang='lat' dir='ltr'>H:</span> <span class='ocrx_word' id='word_1_335' title='bbox 1706 2347 1932 2390; x_wconf 88' lang='lat' dir='ltr'>abscisam</span> 
     </span>
     <span class='ocr_line' id='line_1_32' title="bbox 107 2414 1932 2474; baseline 0.001 -16"><span class='ocrx_word' id='word_1_336' title='bbox 107 2414 246 2460; x_wconf 86' lang='grc' dir='ltr'><strong>ΒΝΟ.</strong></span> <span class='ocrx_word' id='word_1_337' title='bbox 283 2440 354 2447; x_wconf 86' lang='grc'>-</span> <span class='ocrx_word' id='word_1_338' title='bbox 389 2420 471 2472; x_wconf 85' lang='grc'>23,</span> <span class='ocrx_word' id='word_1_339' title='bbox 493 2421 551 2463; x_wconf 87' lang='grc'>28</span> <span class='ocrx_word' id='word_1_340' title='bbox 576 2418 872 2464; x_wconf 83' lang='lat' dir='ltr'>dimicaretur</span> <span class='ocrx_word' id='word_1_341' title='bbox 891 2420 952 2463; x_wconf 83' lang='lat' dir='ltr'>B:</span> <span class='ocrx_word' id='word_1_342' title='bbox 976 2420 1214 2464; x_wconf 82' lang='lat' dir='ltr'>dimicaret</span> <span class='ocrx_word' id='word_1_343' title='bbox 1236 2419 1334 2464; x_wconf 91' lang='grc' dir='ltr'>ΝΟ.</span> <span class='ocrx_word' id='word_1_344' title='bbox 1373 2443 1443 2451; x_wconf 91' lang='lat'>—-</span> <span class='ocrx_word' id='word_1_345' title='bbox 1478 2421 1558 2473; x_wconf 78' lang='lat'>24,</span> <span class='ocrx_word' id='word_1_346' title='bbox 1581 2421 1635 2465; x_wconf 88' lang='grc'>18</span> <span class='ocrx_word' id='word_1_347' title='bbox 1662 2417 1799 2474; x_wconf 89' lang='lat' dir='ltr'>posui</span> <span class='ocrx_word' id='word_1_348' title='bbox 1824 2422 1932 2473; x_wconf 88' lang='lat' dir='ltr'>post</span> 
     </span>
     <span class='ocr_line' id='line_1_33' title="bbox 102 2489 1931 2548; baseline 0 -20"><span class='ocrx_word' id='word_1_349' title='bbox 102 2496 360 2542; x_wconf 64' lang='lat' dir='ltr'>&gt;oppressus</span> <span class='ocrx_word' id='word_1_350' title='bbox 393 2500 598 2543; x_wconf 89' lang='lat' dir='ltr'>comma,</span> <span class='ocrx_word' id='word_1_351' title='bbox 632 2502 688 2532; x_wconf 89' lang='lat' dir='ltr'>ne</span> <span class='ocrx_word' id='word_1_352' title='bbox 723 2490 826 2547; x_wconf 89' lang='lat' dir='ltr'>quis</span> <span class='ocrx_word' id='word_1_353' title='bbox 847 2502 1096 2548; x_wconf 80' lang='lat' dir='ltr'>oppressus</span> <span class='ocrx_word' id='word_1_354' title='bbox 1111 2489 1227 2548; x_wconf 85' lang='lat' dir='ltr'>fuit,</span> <span class='ocrx_word' id='word_1_355' title='bbox 1278 2502 1396 2546; x_wconf 86' lang='lat' dir='ltr'>quae</span> <span class='ocrx_word' id='word_1_356' title='bbox 1419 2489 1591 2532; x_wconf 84' lang='lat' dir='ltr'>vitiosa</span> <span class='ocrx_word' id='word_1_357' title='bbox 1618 2492 1742 2531; x_wconf 88' lang='lat' dir='ltr'>esset</span> <span class='ocrx_word' id='word_1_358' title='bbox 1772 2491 1931 2543; x_wconf 82' lang='lat' dir='ltr'>synta-</span> 
     </span>
     <span class='ocr_line' id='line_1_34' title="bbox 107 2555 1935 2616; baseline 0.003 -19"><span class='ocrx_word' id='word_1_359' title='bbox 107 2556 181 2598; x_wconf 81' lang='lat' dir='ltr'>xis</span> <span class='ocrx_word' id='word_1_360' title='bbox 211 2556 296 2609; x_wconf 81' lang='lat' dir='ltr'>(cs.</span> <span class='ocrx_word' id='word_1_361' title='bbox 317 2555 549 2614; x_wconf 83' lang='lat' dir='ltr'>Madvigii</span> <span class='ocrx_word' id='word_1_362' title='bbox 579 2556 751 2615; x_wconf 88' lang='lat' dir='ltr'>Opusc.</span> <span class='ocrx_word' id='word_1_363' title='bbox 783 2559 936 2604; x_wconf 87' lang='lat' dir='ltr'>Acad.</span> <span class='ocrx_word' id='word_1_364' title='bbox 955 2561 1019 2614; x_wconf 91' lang='grc' dir='ltr'>ΙΙ,</span> <span class='ocrx_word' id='word_1_365' title='bbox 1041 2574 1088 2616; x_wconf 91' lang='lat' dir='ltr'>p.</span> <span class='ocrx_word' id='word_1_366' title='bbox 1110 2563 1197 2606; x_wconf 88' lang='grc'>218</span> <span class='ocrx_word' id='word_1_367' title='bbox 1217 2559 1338 2616; x_wconf 88' lang='lat' dir='ltr'>sqq.)</span> <span class='ocrx_word' id='word_1_368' title='bbox 1354 2595 1364 2613; x_wconf 97' lang='lat'>,</span> <span class='ocrx_word' id='word_1_369' title='bbox 1400 2558 1667 2614; x_wconf 84' lang='lat' dir='ltr'>coniungat.</span> <span class='ocrx_word' id='word_1_370' title='bbox 1692 2579 1763 2587; x_wconf 92' lang='lat'>·—</span> <span class='ocrx_word' id='word_1_371' title='bbox 1780 2557 1853 2609; x_wconf 79' lang='lat'>24,</span> <span class='ocrx_word' id='word_1_372' title='bbox 1874 2557 1935 2602; x_wconf 82' lang='lat'>38</span> 
     </span>
     <span class='ocr_line' id='line_1_35' title="bbox 107 2625 1932 2686; baseline 0 -20"><span class='ocrx_word' id='word_1_373' title='bbox 107 2636 276 2669; x_wconf 90' lang='lat' dir='ltr'>nomen</span> <span class='ocrx_word' id='word_1_374' title='bbox 295 2625 455 2671; x_wconf 86' lang='lat' dir='ltr'>Nautii</span> <span class='ocrx_word' id='word_1_375' title='bbox 478 2626 630 2672; x_wconf 86' lang='lat' dir='ltr'>firmat</span> <span class='ocrx_word' id='word_1_376' title='bbox 657 2628 727 2683; x_wconf 90' lang='lat' dir='ltr'>Ib,</span> <span class='ocrx_word' id='word_1_377' title='bbox 758 2629 803 2672; x_wconf 89' lang='lat' dir='ltr'>in</span> <span class='ocrx_word' id='word_1_378' title='bbox 828 2642 917 2686; x_wconf 88' lang='lat' dir='ltr'>quo</span> <span class='ocrx_word' id='word_1_379' title='bbox 940 2631 1203 2674; x_wconf 83' lang='lat' dir='ltr'>estnaucio.</span> <span class='ocrx_word' id='word_1_380' title='bbox 1229 2653 1299 2659; x_wconf 86' lang='lat'>—-</span> <span class='ocrx_word' id='word_1_381' title='bbox 1316 2632 1397 2683; x_wconf 85' lang='lat'>25,</span> <span class='ocrx_word' id='word_1_382' title='bbox 1425 2630 1480 2675; x_wconf 85' lang='lat'>13</span> <span class='ocrx_word' id='word_1_383' title='bbox 1498 2627 1731 2671; x_wconf 79' lang='lat' dir='ltr'>cecidisset</span> <span class='ocrx_word' id='word_1_384' title='bbox 1747 2625 1828 2681; x_wconf 81' lang='lat' dir='ltr'>Jp:</span> <span class='ocrx_word' id='word_1_385' title='bbox 1857 2635 1932 2667; x_wconf 86' lang='lat' dir='ltr'>ce-</span> 
     </span>
     <span class='ocr_line' id='line_1_36' title="bbox 102 2693 1932 2755; baseline -0.001 -18"><span class='ocrx_word' id='word_1_386' title='bbox 102 2695 245 2751; x_wconf 80' lang='lat' dir='ltr'>pisset</span> <span class='ocrx_word' id='word_1_387' title='bbox 278 2694 443 2741; x_wconf 90' lang='lat' dir='ltr'>BNIbh</span> <span class='ocrx_word' id='word_1_388' title='bbox 471 2696 577 2751; x_wconf 88' lang='lat' dir='ltr'>(sed</span> <span class='ocrx_word' id='word_1_389' title='bbox 618 2697 652 2741; x_wconf 91' lang='lat' dir='ltr'>B</span> <span class='ocrx_word' id='word_1_390' title='bbox 690 2700 948 2755; x_wconf 81' lang='lat' dir='ltr'>coepisset).</span> <span class='ocrx_word' id='word_1_391' title='bbox 988 2710 1057 2731; x_wconf 83' lang='lat'>—·</span> <span class='ocrx_word' id='word_1_392' title='bbox 1102 2704 1173 2753; x_wconf 85' lang='lat'>25,</span> <span class='ocrx_word' id='word_1_393' title='bbox 1198 2703 1250 2744; x_wconf 86' lang='lat'>15</span> <span class='ocrx_word' id='word_1_394' title='bbox 1275 2699 1423 2755; x_wconf 80' lang='lat' dir='ltr'>ipsam</span> <span class='ocrx_word' id='word_1_395' title='bbox 1449 2701 1590 2753; x_wconf 83' lang='lat' dir='ltr'>caput</span> <span class='ocrx_word' id='word_1_396' title='bbox 1614 2695 1716 2739; x_wconf 81' lang='lat' dir='ltr'>belli</span> <span class='ocrx_word' id='word_1_397' title='bbox 1735 2693 1932 2739; x_wconf 78' lang='lat' dir='ltr'>Cartha-</span> 
     </span>
     <span class='ocr_line' id='line_1_37' title="bbox 102 2763 1931 2825; baseline 0 -19"><span class='ocrx_word' id='word_1_398' title='bbox 102 2764 251 2819; x_wconf 76' lang='lat' dir='ltr'>yinem</span> <span class='ocrx_word' id='word_1_399' title='bbox 287 2764 367 2810; x_wconf 92' lang='lat' dir='ltr'>BN</span> <span class='ocrx_word' id='word_1_400' title='bbox 393 2766 503 2821; x_wconf 87' lang='lat' dir='ltr'>(sed</span> <span class='ocrx_word' id='word_1_401' title='bbox 529 2766 565 2810; x_wconf 94' lang='lat' dir='ltr'>B</span> <span class='ocrx_word' id='word_1_402' title='bbox 587 2767 736 2823; x_wconf 89' lang='lat' dir='ltr'>ipsa):</span> <span class='ocrx_word' id='word_1_403' title='bbox 802 2769 950 2825; x_wconf 85' lang='lat' dir='ltr'>ipsam</span> <span class='ocrx_word' id='word_1_404' title='bbox 968 2770 1139 2825; x_wconf 84' lang='lat' dir='ltr'>(ipsum</span> <span class='ocrx_word' id='word_1_405' title='bbox 1166 2768 1239 2825; x_wconf 92' lang='lat' dir='ltr'>Ip)</span> <span class='ocrx_word' id='word_1_406' title='bbox 1263 2767 1366 2811; x_wconf 86' lang='lat' dir='ltr'>belli</span> <span class='ocrx_word' id='word_1_407' title='bbox 1394 2771 1532 2822; x_wconf 87' lang='lat' dir='ltr'>caput</span> <span class='ocrx_word' id='word_1_408' title='bbox 1556 2765 1602 2810; x_wconf 86' lang='lat' dir='ltr'>C.</span> <span class='ocrx_word' id='word_1_409' title='bbox 1632 2764 1704 2809; x_wconf 89' lang='grc'>10.</span> <span class='ocrx_word' id='word_1_410' title='bbox 1775 2763 1931 2807; x_wconf 85' lang='lat' dir='ltr'>Lectio</span> 
     </span>
     <span class='ocr_line' id='line_1_38' title="bbox 104 2833 1929 2895; baseline 0.001 -20"><span class='ocrx_word' id='word_1_411' title='bbox 104 2833 280 2890; x_wconf 85' lang='lat' dir='ltr'>ipsam,</span> <span class='ocrx_word' id='word_1_412' title='bbox 314 2835 578 2889; x_wconf 68' lang='lat' dir='ltr'>cuiusloco</span> <span class='ocrx_word' id='word_1_413' title='bbox 611 2836 744 2881; x_wconf 80' lang='lat' dir='ltr'>facile</span> <span class='ocrx_word' id='word_1_414' title='bbox 774 2838 876 2894; x_wconf 89' lang='lat' dir='ltr'>quis</span> <span class='ocrx_word' id='word_1_415' title='bbox 907 2838 1036 2882; x_wconf 88' lang='lat' dir='ltr'>malit</span> <span class='ocrx_word' id='word_1_416' title='bbox 1061 2840 1234 2895; x_wconf 83' lang='lat' dir='ltr'>ipsum,</span> <span class='ocrx_word' id='word_1_417' title='bbox 1272 2835 1478 2879; x_wconf 85' lang='lat' dir='ltr'>firmatur</span> <span class='ocrx_word' id='word_1_418' title='bbox 1499 2835 1601 2879; x_wconf 87' lang='lat' dir='ltr'>loco</span> <span class='ocrx_word' id='word_1_419' title='bbox 1630 2834 1860 2878; x_wconf 86' lang='lat' dir='ltr'>simillimo</span> <span class='ocrx_word' id='word_1_420' title='bbox 1880 2846 1929 2890; x_wconf 87' lang='lat' dir='ltr'>p.</span> 
     </span>
     <span class='ocr_line' id='line_1_39' title="bbox 114 2902 1934 2964; baseline -0.001 -17"><span class='ocrx_word' id='word_1_421' title='bbox 114 2906 180 2956; x_wconf 88' lang='lat'>16,</span> <span class='ocrx_word' id='word_1_422' title='bbox 200 2905 229 2948; x_wconf 89' lang='lat'>8</span> <span class='ocrx_word' id='word_1_423' title='bbox 260 2907 303 2948; x_wconf 89' lang='lat' dir='ltr'>et</span> <span class='ocrx_word' id='word_1_424' title='bbox 324 2904 429 2962; x_wconf 86' lang='lat' dir='ltr'>ipsa</span> <span class='ocrx_word' id='word_1_425' title='bbox 456 2911 599 2963; x_wconf 81' lang='lat' dir='ltr'>caput</span> <span class='ocrx_word' id='word_1_426' title='bbox 630 2905 808 2950; x_wconf 84' lang='lat' dir='ltr'>urbium</span> <span class='ocrx_word' id='word_1_427' title='bbox 835 2906 1020 2964; x_wconf 82' lang='lat' dir='ltr'>Capua,</span> <span class='ocrx_word' id='word_1_428' title='bbox 1058 2920 1195 2964; x_wconf 84' lang='lat' dir='ltr'>quem</span> <span class='ocrx_word' id='word_1_429' title='bbox 1215 2906 1368 2949; x_wconf 86' lang='lat' dir='ltr'>locum</span> <span class='ocrx_word' id='word_1_430' title='bbox 1401 2905 1551 2962; x_wconf 84' lang='lat' dir='ltr'>aptius</span> <span class='ocrx_word' id='word_1_431' title='bbox 1579 2917 1683 2947; x_wconf 86' lang='lat' dir='ltr'>cum</span> <span class='ocrx_word' id='word_1_432' title='bbox 1703 2902 1793 2947; x_wconf 88' lang='lat' dir='ltr'>hoc</span> <span class='ocrx_word' id='word_1_433' title='bbox 1822 2914 1934 2946; x_wconf 82' lang='lat' dir='ltr'>con·</span> 
     </span>
    </p>
   </div>
  </div>
 </body>
</html>
