2020 3168
717 211 761 279 1,
779 214 828 263 2.
849 213 880 264 3
904 210 1119 283 [7—91.
1715 220 1753 270 9

91 349 211 403 fuit.
259 350 338 402 sic
365 351 507 402 enim
538 350 784 402 effectum
815 357 911 417 est,
938 358 998 402 ut
1027 350 1258 419 agitatus
1287 350 1497 402 iniuriis
1518 352 1748 421 populus

92 418 383 489 cupiditate
402 418 666 472 libertatis
686 419 1082 472 incenderetur.

281 567 386 637 111.
422 585 528 637 DE
547 585 992 639 MVTATIONE
1021 585 1153 639 REI
1170 584 1564 640 PVBLIOAE.

229 692 404 762 Igitur
441 694 610 747 Bruto
653 694 1027 766 Collatinoque
1073 694 1299 753 ducibus
1336 702 1389 747 et
1425 695 1748 764 auctoribus,
1766 700 1804 750 9

35 786 71 821 ,5
90 761 283 832 quibus
301 761 561 815 ultionem
580 764 664 815 sui
680 765 913 815 moriens
933 770 1177 817 matrona
1194 763 1566 829 mandaverat,
1586 782 1751 846 popu-

89 831 174 883 lus
212 830 484 884 Romanus
531 831 603 884 ad
636 831 1021 885 vindicandum
1061 832 1326 884 libertatis
1364 849 1429 884 ac
1460 833 1753 901 pudicitiae

90 900 252 952 decus
273 900 504 971 quodam
533 902 687 971 quasi
714 901 971 954 instinctu
1002 901 1223 954 deorum
1252 903 1547 954 concitatus
1569 920 1755 971 regem

89 975 309 1038 repente
323 969 576 1037 destituit,
596 969 739 1023 bona
752 970 949 1041 diripit,
971 986 1161 1040 agrum
1169 970 1333 1022 Marti
1352 988 1447 1023 suo
1459 978 1752 1037 consecrat,

89 1039 373 1108 imperium
400 1040 459 1091 in
486 1039 703 1092 eosdem
738 1039 1002 1092 libertatis
1033 1057 1162 1092 suae
1198 1039 1449 1092 vindices*
1476 1039 1751 1107 transfert,

37 1128 78 1161 10
93 1114 293 1170 mutato
311 1114 492 1160 tamen
519 1116 572 1160 et
590 1110 706 1160 iure
736 1115 787 1159 et
805 1110 1036 1162 nomine.
1073 1110 1268 1179 quippe
1296 1127 1367 1161 ex
1381 1117 1639 1179 perpetuo
1660 1127 1750 1160 an·
1769 1129 1801 1168 2

89 1193 254 1227 nuum
272 1176 488 1246 placuit,
510 1194 580 1229 ex
601 1176 863 1246 singulari
882 1177 1099 1248 duplex,
1117 1196 1185 1229 ne
1204 1185 1441 1248 potestas
1463 1178 1751 1230 solitudine

87 1243 177 1295 vel
195 1262 345 1297 mora
364 1254 806 1316 corrumperetur,
837 1246 1190 1317 consulesque
1218 1247 1514 1317 appellavit
1542 1265 1638 1317 pro
1671 1266 1751 1299 re-

87 1311 263 1381 gibus,
293 1321 352 1365 ut
383 1314 663 1367 consulere
694 1315 902 1368 civibus
924 1317 1035 1367 suis
1066 1334 1123 1367 se
1147 1315 1343 1369 debere
1362 1317 1750 1368 meminissent.

86 1388 400 1452 tantumque
429 1383 693 1435 libertatis
727 1402 900 1437 novae
929 1384 1187 1453 gaudium
1214 1386 1532 1452 incesserat,
1565 1393 1624 1437 ut
1654 1386 1753 1437 vix
1771 1397 1803 1439 3

34 1472 75 1505 15
90 1452 290 1502 mutati
309 1458 476 1503 status
515 1452 678 1505 fidem
707 1460 923 1523 caperet
956 1452 1288 1523 alterumque
1319 1472 1390 1506 ex
1423 1454 1749 1519 consulibuS,

86 1518 371 1572 Lucretiae
397 1522 678 1589 maritum,
702 1529 910 1574 tantum
936 1522 1005 1575 ob
1034 1540 1233 1574 nomen
1263 1529 1315 1573 et
1341 1540 1511 1591 genus
1542 1524 1751 1591 regium

87 1587 326 1641 fascibus
364 1590 637 1658 abrogatis
676 1591 810 1644 urbe
851 1591 1157 1644 dimitteret.
1211 1592 1392 1660 itaque
1432 1591 1748 1643 substitutus
1772 1597 1804 1636 4

88 1653 344 1710 Horatius
365 1659 647 1713 Publicola
677 1678 882 1712 summo
913 1660 1087 1713 studio
1116 1660 1336 1712 adnisus
1359 1667 1440 1712 est
1465 1660 1536 1712 ad
1555 1678 1753 1729 augen-

89 1725 212 1778 dam
230 1727 389 1780 liberi
406 1729 592 1810 populi
609 1732 957 1782 maiestatem.
1005 1747 1130 1781 nam
1160 1736 1212 1781 et
1235 1729 1410 1781 fasces
1432 1731 1481 1782 ei
1504 1747 1600 1799 pro
1631 1747 1753 1780 con-

29 1821 73 1854 20
90 1797 236 1848 tione
251 1799 528 1864 summislt,
550 1806 603 1850 et
619 1800 702 1851 ius
722 1799 1120 1868 provocationis
1142 1799 1402 1851 adversus
1423 1800 1568 1869 ipsos
1589 1798 1753 1864 dedit,
1784 1818 1792 1820 -

91 1874 142 1918 et
153 1884 224 1918 ne
242 1868 419 1935 specie
439 1869 576 1919 arcis
597 1868 891 1920 offenderet
910 1869 1192 1920 eminentis
1212 1868 1361 1920 aedis
1382 1886 1505 1920 suas
1525 1869 1582 1920 in
1590 1866 1754 1937 plana

89 1936 369 1987 summisit.
418 1936 617 1988 Brutus
643 1955 772 1989 vero
792 1937 969 1989 favori
987 1938 1186 1989 civium
1216 1938 1377 1989 etiam
1406 1937 1594 1989 domus
1625 1954 1753 1989 suae
1772 1945 1804 1986 5

89 2004 242 2056 clade
274 2011 327 2055 et
351 2006 643 2074 parricidio
677 2005 977 2058 velificatus
1005 2013 1102 2058 est.
1148 2007 1346 2076 quippe
1383 2024 1504 2058 cum
1539 2005 1754 2058 studere

87 2073 407 2126 revocandis
441 2075 499 2126 in
526 2074 718 2127 urbem
744 2074 963 2143 regibus
1003 2074 1202 2127 liberos
1234 2093 1358 2127 suos
1390 2076 1755 2145 comperisset,

33 2165 77 2199 25
89 2144 357 2213 protraxit
386 2144 445 2195 in
471 2143 649 2196 forum
680 2151 732 2196 et
762 2145 1011 2196 contione
1035 2143 1215 2196 media
1241 2144 1412 2212 virgis
1434 2144 1644 2209 cecidit,
1678 2161 1757 2195 se-

91 2212 209 2263 curi
227 2213 509 2281 percussit,
533 2219 594 2264 ut
619 2213 778 2294 plane
838 2212 1048 2265 ublicus
1073 2230 1267 2282 parens
1287 2214 1345 2264 in
1368 2212 1545 2265 locum
1564 2212 1756 2264 libero-

90 2299 209 2332 rum
228 2281 511 2350 adoptasse
532 2281 637 2334 sib1
654 2301 760 2353 pop
819 2300 911 2334 um
928 2282 1219 2334 videretur.

230 2349 397 2401 Liber
423 2351 530 2402 iam
556 2350 684 2403 hinc
724 2351 952 2422 populus
982 2351 1255 2404 Romanus
1292 2352 1467 2420 prima
1496 2351 1803 2403 adversust}

93 2426 305 2471 exteros
343 2437 492 2471 arma
521 2438 618 2490 pro
654 2419 900 2473 libertate
940 2421 1212 2501 corripuit,
1245 2438 1374 2472 mox
1407 2438 1505 2489 pro
1541 2419 1755 2486 finibuS,

32 2511 78 2545 30
94 2487 290 2540 deinde
317 2506 416 2558 pro
448 2490 624 2555 sociiS,
653 2497 768 2542 tum
796 2489 974 2558 gloria
1004 2496 1057 2542 et
1086 2492 1327 2570 imperiO,
1362 2488 1754 2542 lacessentibus

91 2557 317 2623 adsidue
350 2576 733 2630 usquequaque
776 2559 1048 2626 finitimis;
1093 2577 1289 2629 qulppe
1337 2560 1423 2611 cui
1457 2559 1620 2629 patrii
1654 2557 1755 2609 soli
1773 2562 1802 2601 7

90 2625 287 2694 glaeba
315 2627 489 2694 nulla,
531 2636 611 2679 set
641 2627 820 2679 statim
847 2627 1044 2680 hostile
1072 2629 1394 2698 pomerium,
1440 2628 1774 2696 mediusque·

90 2696 229 2747 inter
244 2695 459 2748 Latium
477 2696 652 2767 adque
671 2697 929 2749 Etruscos
956 2698 1111 2767 quasi
1133 2698 1191 2748 in
1210 2697 1442 2767 quodam
1463 2697 1611 2748 bivio
1634 2713 1756 2747 con-

89 2763 295 2818 locatus
310 2766 556 2818 omnibus
578 2767 747 2835 portis
766 2767 825 2818 in
842 2765 1051 2819 hostem
1068 2767 1367 2818 incurreret
1382 2785 1394 2832 3
1417 2766 1587 2818 donec
1601 2765 1756 2835 quasi
1772 2774 1805 2815 8

33 2854 79 2888 35
91 2837 340 2902 contagio
373 2835 604 2905 quodam
634 2853 732 2904 per
761 2835 1001 2904 singulos
1033 2836 1166 2887 itum
1186 2841 1266 2887 est
1297 2842 1348 2885 et
1363 2836 1622 2903 proximis
1645 2835 1757 2903 qui—

89 2901 296 2972 busque
317 2906 574 2974 correptis
594 2911 762 2956 totam
780 2904 993 2957 Italiam
1012 2904 1110 2956 sub
1129 2922 1185 2956 se
1204 2902 1545 2972 redegerunt.
