2020 3168
210 153 281 202 ’14
799 160 976 200 FLom
994 160 1270 201 EPITOMA.

210 296 499 358 utcumque
530 287 753 353 ferrem,
793 287 841 338 si
870 284 1052 355 plebei
1072 285 1236 339 duces
1264 292 1382 353 aut,
1423 287 1470 338 si
1498 287 1723 355 nobileS,
1749 288 1879 341 mali

207 357 402 409 saltem
437 357 690 409 ducatum
720 355 913 407 sceleri
946 353 1339 434 praebuissent.
1376 362 1492 407 tum
1523 374 1653 422 vero
1675 388 1747 398 ——
1776 375 1878 427 pro

209 426 453 478 facinus!
488 455 557 466 ——
615 425 673 475 ui
705 425 835 476 viri!
875 441 969 493 qul
1002 424 1377 492 imperatores!
1417 423 1613 476 decora
1638 433 1691 477 et
1723 444 1877 479 orna-

208 502 390 547 menta
427 494 631 545 saecui
670 494 778 559 sui,
815 492 1021 544 Marius
1059 499 1112 543 et
1148 490 1324 558 Sulla,
1372 493 1609 563 pessimo
1645 494 1877 546 facinori

210 581 362 615 suam
398 563 560 614 etiam
596 561 917 630 dignitatem
945 560 1325 630 praebuerunt.
1911 586 1932 617 ⁵

162 624 191 666 3
347 630 562 683 Bellum
598 631 759 683 civile
790 630 1098 682 Marianum
1133 630 1248 682 sive
1280 629 1561 682 Sullanum
1584 631 1784 698 tribuS,
1817 640 1879 684 ut

209 702 286 753 sic
323 700 578 766 dixerim,
629 699 899 752 sideribus
946 699 1209 768 agitatum
1246 707 1344 752 est.
1398 701 1633 770 primum
1679 700 1789 753 levi
1825 709 1879 753 et

207 770 417 822 modico
454 768 688 821 tumultu
723 769 926 821 maiore
995 786 1120 819 uam
1156 767 1326 834 bello,
1364 769 1507 821 intra
1541 770 1687 839 ipsos
1725 769 1876 821 dum-

155 844 185 883 4
202 846 355 892 taxat
392 856 662 891 armorum
698 838 861 890 duces
901 855 965 888 su
1006 838 1227 889 sistente
1254 839 1515 905 *saevitia3
1562 857 1692 891 mox
1736 846 1876 891 atro·

204 909 318 960 cius
347 914 399 958 et
426 908 727 974 cruentius,
764 925 862 976 per
889 907 1060 976 ipsius
1096 907 1310 958 viscera
1345 914 1561 959 senatus
1587 915 1872 975 grassante
1891 928 1927 962 ι(
1997 926 2004 942 <

160 977 464 1042 5victoria3
501 976 688 1028 ultimo
726 994 835 1028 non
859 976 1087 1027 civicam
1121 975 1305 1041 modo,
1344 976 1441 1028 sed
1468 976 1720 1029 hostilem
1747 995 1874 1047 quo-

203 1063 305 1116 que
342 1044 549 1096 rabiem
591 1062 1002 1114 supergressum
1039 1042 1186 1115 [est],
1238 1062 1360 1096 cum
1405 1062 1675 1097 armorum
1723 1045 1876 1098 furor

199 1115 366 1167 totius
405 1113 595 1165 Italiae
643 1113 854 1166 viribus
898 1113 1184 1178 niteretur,
1236 1131 1298 1164 eo
1348 1131 1519 1184 usque
1568 1114 1706 1166 odiis
1760 1132 1875 1167 sae-

199 1182 473 1235 vientibus
520 1189 799 1252 peractum
852 1189 958 1249 est,
1008 1181 1179 1234 donec
1223 1182 1474 1235 deessent
1529 1184 1623 1253 qui
1668 1184 1870 1236 occide·

197 1259 403 1304 rentur.
1884 1272 1926 1305 15

154 1327 183 1369 6
339 1321 562 1373 Initium
598 1327 650 1372 et
686 1338 850 1373 causa
880 1320 1013 1373 belli
1043 1320 1391 1390 inexplebilis
1418 1321 1683 1376 honorum
1709 1322 1871 1375 Marii

195 1391 396 1457 fameS,
434 1390 563 1442 dum
597 1389 867 1442 decretam
898 1388 1080 1442 Sullae
1113 1391 1448 1459 provinciam
1473 1389 1714 1461 Sulpicia
1747 1391 1870 1460 lege

198 1459 469 1513 sollicitat.
514 1459 612 1511 sed
647 1459 915 1528 inpatiens
957 1460 1187 1510 iniuriae
1224 1460 1406 1511 statim
1439 1458 1589 1512 Sulla
1624 1460 1868 1529 legiones

197 1529 537 1597 circumegit,
575 1528 740 1580 dilato
779 1546 847 1580 ue
883 1528 1199 1580 Mithridate
1231 1528 1518 1597 Esquilina
1547 1528 1867 1599 Collinaque

153 1613 178 1652 7
236 1606 352 1650 orta
388 1598 662 1666 geminum
696 1615 762 1648 ur
801 1598 1049 1666 iagmen
1080 1597 1296 1649 infudit.
1346 1597 1473 1649 inde
1519 1616 1640 1650 cum
1675 1616 1865 1650 consu·
1883 1614 1924 1646 20

220 1685 274 1718 es
306 1666 575 1736 Sulpicius
604 1673 656 1718 et
686 1666 1063 1719 Albinovanus
1099 1666 1426 1719 obiecissent
1452 1674 1698 1719 catervas
1726 1685 1866 1734 suaS,

196 1744 250 1788 et
290 1754 423 1788 saxa
454 1736 694 1805 undique
731 1753 764 1786 a
801 1734 1082 1790 moenibus
1118 1753 1181 1788 ac
1216 1735 1326 1787 tela
1373 1737 1703 1803 iacerentur,
1751 1738 1869 1806 ipse

195 1823 409 1875 quoque
446 1804 710 1856 iaculatus
748 1805 1000 1858 incendia
1033 1805 1181 1856 viam
1217 1804 1347 1856 fecit
1384 1823 1671 1875 arcemque
1710 1805 1868 1875 Capi-

193 1874 329 1941 tolii,
369 1891 506 1944 quae
545 1873 757 1926 Poenos
797 1892 1036 1944 quoque,
1090 1891 1226 1945 quae
1276 1873 1463 1926 Gallos
1503 1875 1665 1927 etiam
1702 1874 1867 1927 Seno-

149 1958 292 1999 ssnas
329 1950 598 2009 evaserat,
645 1945 802 2013 quasi
846 1944 1116 2013 captivam
1164 1944 1339 1996 victor
1382 1944 1599 1996 insedit.
1645 1951 1760 1996 tum
1796 1959 1921 1996 ex25

195 2011 439 2066 consulto
479 2018 695 2063 senatus
722 2012 1050 2065 adversariis
1074 2011 1319 2064 hostibus
1352 2013 1605 2064 iudicatis
1631 2014 1689 2064 in
1712 2030 1865 2082 prae-

196 2088 401 2133 sentem
436 2080 712 2134 tribunum
748 2081 989 2151 aliosque
1028 2082 1278 2134 diversae
1319 2081 1571 2134 factionis
1607 2083 1723 2134 iure
1751 2100 1866 2133 sae·

193 2152 366 2202 vitum
396 2158 503 2215 est3
541 2151 775 2203 Marium
803 2150 1016 2202 servilis
1046 2150 1180 2220 fuga
1202 2152 1424 2217 exemit,
1462 2153 1622 2203 immo
1648 2151 1867 2202 fortuna

194 2219 350 2271 alteri
383 2219 527 2271 bello
566 2221 884 2272 reservavit.

146 2293 175 2333 9
335 2287 585 2342 Cornelio
613 2288 799 2356 ,Cinna
821 2289 974 2343 Gneo
995 2290 1221 2345 Octavio
1248 2289 1558 2342 consulibus
1594 2289 1733 2342 male
1770 2289 1859 2342 ob·
1877 2307 1919 2340 30

191 2364 370 2409 rutum
420 2360 721 2425 resurrexit
770 2359 1102 2425 incendium,
1151 2365 1204 2410 et
1251 2359 1469 2429 quidem
1513 2359 1581 2411 ab
1627 2360 1865 2427 ipsorum

194 2426 489 2492 discordia,
531 2445 652 2480 cum
680 2428 746 2479 de
776 2428 1098 2480 revocandis
1131 2445 1262 2498 quos
1289 2435 1505 2479 senatus
1526 2428 1705 2481 hostes
1725 2428 1864 2479 iudi-

127 2501 179 2542 10
196 2502 414 2547 caverat
450 2496 520 2548 ad
551 2497 809 2566 populum
844 2497 1164 2564 referretur3
1204 2498 1379 2549 cincta
1416 2497 1631 2567 quidem
1664 2496 1860 2564 gladiis

192 2565 464 2631 contione,
506 2566 603 2617 sed
640 2565 981 2618 vincentibus
1020 2565 1214 2636 quibus
1249 2584 1360 2635 pax
1397 2574 1449 2618 et
1479 2566 1628 2635 quies
1667 2566 1859 2634 potior,

189 2633 451 2702 profugus
494 2636 671 2703 patria
708 2653 804 2686 sua
843 2635 1019 2688 Cinna
1054 2635 1298 2703 confugit
1332 2636 1402 2688 ad
1437 2642 1632 2705 partes,
1694 2635 1854 2686 rediit
1871 2655 1914 2687 35

190 2702 258 2754 ab
297 2702 489 2754 Africa
523 2703 729 2755 Marius
774 2705 927 2757 clade
965 2705 1165 2771 maior3
1219 2706 1265 2755 si
1302 2705 1517 2774 quidem
1553 2722 1737 2755 carcer
1775 2721 1860 2755 ca-

124 2783 174 2822 11
193 2777 376 2838 tenae,
426 2771 559 2841 fuga
612 2773 836 2825 exilium
892 2773 1339 2826 horrificaverant
1375 2774 1707 2841 dignitatem.
1762 2774 1861 2824 ita-

189 2857 292 2909 que
328 2841 399 2893 ad
435 2859 631 2894 nomen
668 2844 805 2894 tanti
844 2844 950 2895 viri
988 2842 1095 2895 late
1130 2843 1490 2909 concurritur,
1532 2842 1754 2894 servitia
1788 2870 1861 2883 ——-
