2020 3168
756 170 810 239 Ι,
838 173 904 224 40
927 169 1039 243 [111,
1067 169 1137 242 5]-
1720 177 1786 225 55

115 311 316 364 medias
363 310 599 364 hostium
630 327 799 363 naves
831 315 950 361 utre
989 324 1281 380 suspensus
1325 315 1377 360 et
1411 308 1642 379 pedibus
1685 311 1790 364 iter

114 379 419 450 gubernans
439 420 456 447 ,
519 378 829 433 videntibus
881 377 1072 449 procul
1132 378 1288 449 quasi
1342 379 1550 430 marina
1642 380 1788 431 ristis

115 457 375 502 evaserat.
441 466 572 503 mox
614 447 768 501 clade
806 464 1090 514 conversa,
1141 464 1262 499 cum
1298 465 1370 500 ex
1404 465 1554 500 mora
1591 465 1622 499 o
1664 448 1790 501 sidii
1810 462 1864 501 17

115 535 300 588 regem
332 518 503 571 fames
535 524 587 571 et
616 535 688 570 ex
713 517 856 570 fame
882 516 1191 587 pestilentia
1217 535 1282 568 ur
1360 525 1497 584 eret,
1535 517 1788 569 receden-

76 593 222 642 stem
256 586 514 641 Lucullus
551 586 867 658 adsequitur
900 586 1035 640 adeo
1074 604 1142 638 ue
1178 603 1272 638 cae
1316 587 1378 654 ·t,
1423 594 1483 638 ut
1521 586 1788 639 Granicus

112 663 167 709 et
209 657 452 726 Aesepus
498 673 682 708 amnes
727 656 936 708 cruenti
978 673 1037 708 re
1079 655 1348 708 derentur.
1415 674 1516 708 rex
1562 656 1788 709 callidus
1810 668 1864 709 18

53 764 57 767 <
112 726 492 796 Romanaeque
529 723 790 777 avaritiae
826 725 1030 794 peritus
1068 725 1251 794 spargi
1286 742 1474 777 aurum
1510 743 1543 776 a
1577 725 1789 793 fugien-

110 793 255 846 tibus
310 801 362 846 et
408 795 692 864 pecuniam
744 794 930 860 iussit,
988 810 1094 863 qua
1138 801 1423 863 sequentes
1469 801 1787 846 moraretur.

110 880 212 915 nec
245 863 458 916 felicior
490 863 549 915 in
586 862 723 915 mari
756 879 916 933 quam
949 868 1096 914 terra
1136 861 1284 930 fuga.
1340 863 1538 934 quippe
1574 869 1791 915 centum

57 953 99 988 ιο
114 932 340 1004 amplius
378 933 598 985 navium
644 931 871 984 classem
918 938 1178 1002 apparatu
1220 930 1352 985 belli
1388 949 1614 1001 gravem
1649 931 1790 986 Pon-

109 1004 217 1055 tico
251 1002 387 1054 mari
418 1001 678 1071 adgressa
711 1008 999 1072 tempestas
1034 1008 1146 1053 tam
1181 999 1343 1053 foeda
1378 1008 1559 1071 strage
1588 1001 1790 1053 lacera-

110 1073 215 1138 vit,
253 1079 313 1124 ut
347 1071 558 1124 navalis
593 1069 727 1124 belli
759 1072 929 1123 instar
964 1070 1224 1136 efficeret,
1270 1070 1538 1152 planeque
1582 1078 1643 1123 ut
1679 1071 1787 1124 Lu-
1808 1086 1862 1128 19

110 1140 283 1194 cullus
330 1141 562 1212 quodam
605 1158 727 1192 cum
770 1139 1020 1193 fluctibus
1067 1139 1427 1211 procelhsque
1470 1142 1790 1194 commercio

112 1209 492 1263 debellandum
544 1209 837 1262 tradidisse
882 1227 1067 1279 regem
1114 1209 1290 1261 ventis
1337 1209 1631 1262 videretur.
1698 1210 1790 1263 ad-
1807 1224 1864 1265 20

61 1297 97 1330 15
112 1281 271 1332 tritae
322 1280 430 1331 iam
474 1296 658 1332 omnes
700 1278 1022 1331 validissimi
1064 1279 1220 1348 regni
1265 1280 1410 1331 vires
1460 1286 1637 1346 erant,
1695 1280 1793 1331 sed

56 1357 59 1360 ⁴
101 1349 318 1401 animus
362 1347 518 1400 malis
563 1347 880 1417 augebatur.
935 1349 1118 1418 itaque
1160 1365 1453 1401 conversus
1502 1348 1574 1401 ad
1602 1349 1860 1429 proxi-21

108 1435 223 1470 mas
268 1423 457 1487 gentes
503 1423 676 1470 totum
726 1435 899 1488 paene
945 1418 1207 1470 orientem
1251 1435 1315 1469 ac
1370 1425 1792 1488 septentrlonem

108 1488 265 1540 ruina
315 1504 412 1538 sua
455 1486 703 1539 involvit.
754 1486 971 1554 Hiberi,
1030 1485 1240 1557 Caspii,
1283 1486 1486 1539 Albani
1525 1494 1577 1539 et
1613 1494 1791 1539 utrae-

111 1575 213 1628 que
254 1555 610 1609 sollicitantur
643 1557 957 1622 Armeniae,
996 1574 1095 1626 per
1129 1573 1268 1627 quae
1310 1557 1488 1608 omnia
1534 1556 1698 1608 decus
1739 1563 1792 1608 et

53 1641 95 1673 20
112 1643 307 1679 nomen
345 1632 397 1677 et
439 1624 624 1678 titulos
668 1625 875 1694 gloriae
917 1625 1174 1696 Pompeio
1219 1642 1315 1677 suo
1352 1625 1594 1678 Fortuna
1630 1643 1791 1696 quae·

93 1695 278 1748 rebat.
322 1695 414 1766 qui
448 1693 544 1748 ubi
570 1695 728 1748 novis
758 1694 991 1748 motibus
1021 1695 1213 1748 ardere
1238 1695 1429 1747 Asiam
1456 1695 1607 1747 videt
1631 1695 1790 1748 alios·
1807 1711 1863 1750 22

110 1783 214 1836 que
262 1782 333 1816 ex
375 1754 759 1834 aliis‘prodire
803 1782 960 1834 reges
970 1805 984 1831 ,
1037 1764 1173 1816 nihil
1224 1765 1584 1817 cunctandum
1625 1771 1790 1831 ratuS,

108 1835 420 1906 priusquam
477 1835 619 1886 inter
669 1852 727 1886 se
779 1835 1022 1904 gentium
1072 1833 1268 1886 robora
1319 1835 1545 1901 coirent,
1610 1835 1793 1886 statim

109 1911 272 1974 ponte
297 1903 527 1956 navibus
554 1903 698 1956 facto
725 1903 961 1955 omnium
986 1910 1110 1955 ante
1135 1921 1193 1955 se
1218 1904 1421 1973 primus
1445 1905 1662 1956 transiit
1680 1903 1791 1956 Eu-

52 1993 94 2025 25
109 1973 355 2043 phratem
395 1991 454 2025 re
495 1991 684 2054 emque
727 1972 1025 2041 fugientem
1063 1973 1243 2025 media
1277 1981 1505 2026 nanctus
1531 1974 1792 2026 Armenia

109 2075 180 2083 -—
216 2049 416 2112 quanta
486 2041 690 2094 elicltas
731 2042 867 2094 viri!
905 2073 977 2082 ——
1015 2059 1123 2094 uno
1159 2043 1365 2112 proelio
1394 2043 1645 2097 confecit.
1694 2061 1788 2095 no·
1808 2058 1865 2099 23

112 2119 302 2164 etuma
345 2129 409 2163 ea
451 2111 723 2164 dimicatio
768 2111 872 2163 fuit
917 2118 969 2162 et
998 2110 1155 2163 Luna
1187 2112 1245 2163 in
1317 2113 1540 2165 artibus.
1593 2113 1791 2183 quippe

147 2182 268 2232 uasi
304 2181 659 2240 commilitans
686 2199 808 2233 cum
836 2180 937 2233 dea
962 2199 995 2232 a
1019 2187 1172 2249 tergo
1200 2199 1257 2233 se
1323 2182 1554 2248 ostibuS,
1589 2200 1622 2233 a
1649 2182 1790 2234 facie

166 2252 369 2301 omanis
443 2250 763 2317 raebuisset,
802 2250 1016 2303 Pontici
1049 2269 1148 2320 per
1183 2269 1416 2304 errorem
1449 2251 1664 2320 longius
1706 2268 1790 2302 ca-

55 2337 98 2370 30
115 2320 290 2371 dentis
328 2338 418 2370 um
458 2337 545 2371 ras
574 2337 697 2371 suas
726 2321 880 2391 quasi
904 2320 1139 2372 hostium
1165 2337 1390 2390 corpora
1414 2320 1687 2390 petebant.
1739 2326 1792 2372 et
1807 2332 1865 2372 24
1891 2327 1895 2329 “

112 2388 452 2441 Mithridates
481 2388 697 2459 quidem
720 2396 877 2442 nocte
906 2389 1001 2441 illa
1029 2389 1326 2442 debellatus
1354 2397 1452 2443 est.
1483 2389 1621 2441 nihil
1647 2390 1791 2441 enim

111 2465 298 2528 postea
317 2457 502 2524 valuit,
532 2475 855 2529 quamquam
874 2460 1052 2512 omnia
1072 2467 1324 2528 expertus
1343 2477 1492 2512 more
1512 2460 1787 2528 anguium,

114 2529 206 2598 qui
238 2528 432 2597 optrito
469 2528 643 2597 capite
675 2535 1005 2598 postremum
1040 2529 1212 2581 cauda
1243 2530 1532 2582 minantur.
1590 2529 1788 2598 quippe
1806 2541 1863 2580 25

115 2615 236 2648 cum
260 2597 366 2649 effu
406 2598 537 2649 isset
561 2596 768 2649 hostem
789 2597 1004 2652 Colchis
1030 2605 1185 2651 tenus
1193 2638 1208 2665 ,
1243 2599 1467 2668 iungere
1491 2599 1788 2667 Bosporon,

58 2688 101 2722 ³5
116 2666 242 2718 inde
260 2685 359 2736 per
367 2615 625 2719 gI'hracen
642 2667 1015 2720 Macedoniam
1052 2686 1120 2720 ue
1132 2675 1184 2720 et
1197 2667 1482 2721 Graeciam
1501 2666 1789 2734 transilire,

115 2736 194 2786 sic
226 2735 440 2787 Italiam
473 2754 575 2788 nec
610 2737 855 2806 opinatus
895 2738 1023 2789 inva
1065 2755 1154 2790 ere
1176 2745 1476 2790 —tantum
1510 2735 1787 2805 cogitavit.

115 2804 214 2856 sed
250 2805 552 2858 defectione
588 2806 788 2858 civium
827 2805 1229 2877 Pharnacisque
1264 2807 1364 2859 fflii
1395 2806 1597 2859 scelere
1675 2822 1789 2859 rae·
1807 2824 1866 2864 26

114 2879 307 2926 ventus
330 2874 470 2927 male
497 2881 811 2945 temptatum
829 2893 1038 2929 veneno
1060 2876 1305 2947 spiritum
1326 2876 1470 2929 ferro
1497 2893 1639 2946 expu
1662 2875 1718 2927 ·t.
