2020 3168
1990 0 2020 187 3

206 209 287 247 XX
930 201 1274 240 PRAEFA‘mo.
1369 174 1376 176 i
2002 183 2020 262 ξ

151 373 157 378 ,
207 327 388 372 videtur
414 319 436 388 Η
462 326 558 379 107,
577 326 607 371 3
629 323 676 366 in
695 320 959 364 memoriam
981 320 1193 375 priorum
1211 317 1573 371 Mommsenius;
1605 316 1666 360 cf.
1689 327 1734 358 v.
1767 316 1833 360 14.
1859 306 1882 375 Η
1918 314 2020 374 101,

209 400 238 444 6
257 397 312 440 de
330 373 421 453 quo¹
439 393 631 450 scripsi:
653 402 740 448 quo
759 386 794 432 C
811 391 930 430 teste
949 385 1126 442 Iahnio,
1147 398 1172 431 e
1189 399 1276 445 quo
1304 385 1338 429 C
1359 399 1419 429 ex
1437 383 1711 443 apographo
1740 382 1926 428 Oehleri
1939 381 2020 441 ule

204 478 292 524 quo
313 476 404 508 om.
429 463 462 508 Ο
488 458 509 526 Η
537 463 635 515 107,
655 462 682 506 6
692 458 900 516 palmam
919 455 1280 499 Mommsenius:
1305 459 1548 512 postquam
1568 450 1641 498 CO
1667 447 1690 515 Η
1717 455 1815 505 107,
1837 455 1892 498 12
1904 444 2020 514 qua}

208 533 388 578 tandem
407 534 505 578 loca
525 527 816 586 Schopenius
841 519 863 588 Η
891 526 988 577 107,
1008 526 1066 571 13
1085 523 1140 569 Si
1155 527 1202 568 tu
1220 523 1425 579 indulyes
1445 521 1568 566 idem
1594 514 1616 583 Η
1645 523 1740 573 107,
1763 526 1817 566 15
1845 518 2020 583 Cereri}

206 602 357 646 sedem
369 634 380 656 ‚
399 602 559 647 deinde
580 595 898 655 Schopenius:
926 592 1119 647 Cereri&
1138 591 1386 636 secundum
1403 590 1564 635 deinde
1580 589 1651 636 CO
1679 584 1701 652 Η
1729 590 1827 642 107,
1847 589 1901 635 17
1918 586 2020 648 ind}

208 683 278 715 me
296 669 486 716 Rhodus
503 669 661 716 habuit
673 669 928 724 inqressum
945 661 1215 720 Aeyyptium
1226 660 1421 718 peloqus
1439 659 1776 704 Mommsenius
1791 669 1803 711 3
1835 669 1939 701 cum
1955 665 2020 706 me,

211 742 257 784 in
277 739 382 784 cod.
404 742 572 785 lineam
594 736 867 782 subductam
885 732 1077 786 habeat,
1099 729 1394 787 Schopenius
1413 728 1518 773 inde
1537 726 1736 773 Rhodon
1755 726 1879 783 (scil.
1897 725 2020 769 salu-

211 810 322 863 lavi)
343 807 565 862 conie'cit;
601 809 761 851 contra
780 800 1061 847 Ritschelius
1091 803 1199 856 post
1215 798 1413 856 pelayus
1433 799 1628 844 verbum
1655 796 1816 842 allexit
1842 793 2020 851 supple-

211 879 278 922 vit
298 871 321 942 Η
350 881 447 935 107,
466 882 524 925 20
541 875 878 921 mediterranea
901 868 1263 913 Mommsenius:
1292 867 1674 912 mediterraneam
1697 865 1769 912 CO
1795 856 1819 928 Η
1846 863 1952 918 107,
1970 866 2020 911 21

210 955 391 993 secutus
410 959 510 991 sum
527 942 806 990 Ritschelius
831 934 852 1003 Η
879 942 920 983 et
941 936 1063 983 delet
1080 935 1440 980 Mommsenius:
1475 949 1531 980 en
1551 935 1586 981 Ο
1621 930 1644 999 Η
1683 937 1765 982 107
1780 969 1792 991 ,
1822 937 1878 981 25
1897 933 2020 976 aliter

215 1015 274 1061 C:
294 1018 417 1062 ultra
434 1012 766 1059 Mommsenius
792 1004 816 1074 Η
840 1009 923 1056 107
938 1042 950 1061 ,
978 1010 1035 1053 31
1056 1007 1097 1050 si
1112 1006 1243 1059 navis
1258 1004 1539 1063 quoernator
1561 1003 1855 1061 Schopenius
1880 995 1901 1064 Η
1929 1000 2020 1053 107..

214 1088 273 1131 38
301 1085 496 1128 omnium
526 1093 686 1125 earum
715 1075 1074 1122 Mommsenius:
1106 1075 1302 1117 omnium
1333 1085 1492 1117 rerum
1513 1071 1603 1118 CO.
1650 1075 1797 1120 Urbes
1827 1083 1946 1129 quae
1973 1065 2020 1112 ad

213 1151 410 1204 quietem
441 1149 671 1203 eliguntur
706 1157 765 1187 ex
792 1143 996 1186 adverso
1025 1141 1206 1195 positae
1228 1144 1333 1181 sunt
1355 1138 1547 1182 Romae.
1575 1134 1597 1201 Η
1622 1145 1722 1194 108,
1743 1143 1773 1186 6
1792 1153 1886 1183 non
1901 1150 2020 1182 sero-

212 1217 304 1258 tino
329 1213 552 1258 erubescit
575 1210 910 1255 Mommsenius
935 1202 955 1266 Η
983 1210 1093 1261 108,
1111 1209 1142 1253 8
1167 1210 1358 1262 portant
1385 1205 1419 1251 O
1441 1220 1544 1251 cum
1573 1207 1851 1252 Ritschelio:
1871 1209 2020 1264 porta<

214 1281 247 1326 C
261 1316 272 1336 ‚
297 1283 580 1340 portendunt
609 1279 900 1337 Schopenius
933 1269 955 1338 Η
991 1278 1090 1329 108,
1113 1278 1166 1322 16
1184 1275 1295 1332 quid
1309 1274 1383 1319 hic
1402 1289 1430 1318 α
1453 1281 1492 1318 le
1510 1279 1660 1333 ayitur
1679 1275 1960 1321 Ritschelius
1983 1268 2008 1338 Η

214 1353 321 1406 108,
343 1354 399 1398 18
424 1351 527 1394 inde
546 1349 907 1394 Mommsenius:
935 1345 1057 1389 unde
1078 1342 1176 1396 CO,
1211 1342 1297 1386 sed
1319 1342 1353 1388 Ο
1377 1357 1479 1386 eum
1509 1346 1644 1402 signo
1665 1347 1858 1390 lacunae
1882 1338 1904 1408 Η
1931 1348 2020 1402 108,

213 1423 270 1464 18
289 1432 390 1462 eum
406 1431 506 1461 eum
523 1418 613 1461 kae
631 1415 911 1459 Ritschclius
939 1407 960 1474 Η
986 1414 1070 1459 108
1082 1445 1093 1464 ,
1115 1413 1174 1457 24
1199 1416 1334 1455 totum
1352 1413 1469 1456 enim
1485 1414 1608 1471 quod
1623 1414 1697 1458 hic
1713 1415 1881 1470 eyimus
1898 1416 2006 1473 quin

211 1487 451 1541 quennium
479 1487 541 1528 ica
568 1483 679 1527 mihi
705 1482 997 1540 Sehopenius
1030 1485 1074 1524 et
1095 1479 1130 1524 Ο
1159 1479 1270 1535 (sed
1293 1480 1369 1526 hic
1399 1485 1483 1526 tolo
1501 1505 1572 1523 -.—
1590 1483 2020 1541 —quinquennio):

215 1541 351 1595 toium
371 1554 485 1596 enim
504 1553 626 1611 quod
644 1553 811 1609 eyimus
829 1551 1129 1610 quinquennio
1148 1550 1231 1594 isto
1250 1550 1332 1593 isto
1352 1549 1462 1594 mihi
1473 1548 1531 1604 C;
1558 1556 1644 1596 toto
1665 1554 1780 1596 enim
1799 1552 1921 1610 quod
1937 1553 2020 1610 eyi-

215 1632 314 1664 mus
331 1623 631 1679 quinquennio
658 1623 774 1665 istoc
805 1623 867 1664 ita
887 1619 997 1663 mihi
1013 1618 1344 1663 Mommsenius
1361 1632 1374 1674 ;
1404 1624 1488 1664 tolo
1524 1622 1640 1664 enim
1668 1621 1790 1679 quod
1818 1620 1876 1664 ab
1906 1622 2020 1665 initio

213 1690 382 1746 eyimus
400 1691 699 1748 quinquennio
718 1691 781 1733 ita
804 1689 914 1733 mihi
933 1687 1210 1732 Ritschelius
1223 1699 1236 1742 ;
1267 1701 1354 1745 ego
1379 1688 1578 1732 tentavi:
1609 1694 1744 1734 tolum
1772 1691 1887 1733 enim
1910 1702 2020 1749 quoe

214 1760 381 1815 eyimus
397 1760 748 1817 quinquennium
759 1761 962 1816 primum
983 1759 1045 1801 ita
1064 1756 1172 1801 mihi
1189 1761 1276 1801 etc.
1301 1750 1323 1821 Η
1352 1760 1450 1812 108,
1464 1758 1521 1805 27
1543 1761 1704 1803 celeris
1722 1763 1763 1802 el
1782 1759 2020 1803 Mommse-

214 1828 343 1871 nius:
376 1831 417 1870 ει
433 1830 593 1872 ceteris
615 1827 686 1872 CO
715 1821 737 1891 Η
761 1831 858 1882 108,
879 1832 933 1875 31
954 1832 1149 1885 quantus
1165 1825 1239 1869 hie
1257 1833 1324 1872 est
1342 1827 1498 1870 malim
1522 1819 1544 1887 Η
1573 1831 1678 1882 108,
1699 1831 1756 1874 33
1774 1826 1916 1872 honos
1935 1827 2020 1872 Rit-

215 1895 444 1940 schelius:
464 1896 610 1941 honor
631 1895 730 1951 Co;
753 1898 812 1940 ef.
836 1911 882 1940 v.
905 1900 962 1943 35
987 1889 1008 1957 Η
1035 1899 1134 1949 109,
1153 1898 1182 1940 4
1205 1896 1250 1936 in
1269 1899 1480 1953 suyqestu
1501 1894 1792 1953 Schopcnius
1816 1890 1838 1960 Η
1866 1900 1949 1945 109
1964 1933 1974 1951 ,
1997 1901 2020 1945 8

212 1963 451 2009 Romanae
474 1967 753 2024 eloquentiae
775 1966 956 2022 supplet
975 1963 1271 2010 RitscheliuS.

351 2034 469 2081 Dum
496 2036 708 2092 plagulas
739 2035 932 2097 corrigg
952 2047 1035 2091 per
1066 2032 1275 2078 Otlonem
1304 2031 1514 2077 Iahnium
1546 2035 1714 2078 certior
1736 2036 1883 2079 faetus
1907 2049 2020 2089 sum,

214 2100 367 2146 Orosii
393 2102 601 2146 codicem
624 2102 884 2147 Mediceum
912 2116 966 2147 eo
989 2105 1116 2156 loco,
1146 2101 1202 2145 de
1228 2115 1316 2159 quo
1347 2100 1443 2145 dixi
1471 2116 1519 2159 p.
1549 2102 1647 2157 Xll,
1671 2102 1844 2148 habere
1869 2104 2020 2148 Teuto-

213 2170 407 2225 duobus,
438 2171 562 2228 quod
584 2177 737 2216 tacere
770 2172 912 2215 nolui.

350 2240 400 2283 In
422 2240 573 2285 indice
595 2240 794 2298 denique
815 2241 1047 2285 nominum
1065 2274 1078 2290 ,
1100 2244 1246 2297 'quem
1266 2253 1438 2284 novum
1459 2241 1663 2296 confeci,
1685 2242 1875 2285 multum
1901 2242 2020 2286 labo-

211 2308 275 2351 ris
297 2308 527 2367 impendi,
561 2315 606 2352 ut
626 2323 881 2366 personae,
916 2323 1030 2366 quas
1052 2310 1146 2352 sere
1179 2309 1373 2366 singulis
1406 2310 1668 2354 nominibus
1687 2310 1851 2355 Florus
1881 2311 2020 2355 nomi·

213 2390 324 2421 nare
358 2379 497 2432 solet,
530 2385 749 2434 quantum
776 2378 876 2423 fieri
907 2383 1092 2435 posset,
1128 2382 1342 2422 accurate
1373 2377 1762 2427 discernerentur.
1813 2379 1879 2423 Ita
1902 2392 2018 2423 com-

212 2445 361 2490 modis
396 2461 579 2501 eorum,
616 2449 693 2503 qui
722 2460 796 2491 res
823 2453 982 2504 gestas
1012 2460 1038 2491 a
1057 2445 1193 2490 Floro
1226 2453 1501 2492 memoratas
1520 2461 1820 2507 cognoscere
1850 2449 2016 2494 volent.

211 2516 328 2560 bene
354 2516 643 2560 consuluisse
666 2515 776 2559 mihi
798 2516 979 2561 videor.

351 2585 616 2645 Scribebam
640 2585 871 2629 Monaehii
893 2599 1051 2629 mense
1082 2585 1264 2630 Octobri
1287 2589 1413 2634 1853.

1581 2717 1642 2771 Ο.
1672 2710 1881 2769 Halm.
