2020 3168
683 238 754 303 11,
781 239 859 289 13.
892 240 951 288 14
975 235 1098 308 [1111,
1121 238 1170 289 2.
1193 236 1269 308 3].-
1741 240 1812 291 89

151 391 339 426 currus
386 381 439 426 et
476 374 666 427 Ponto.
755 382 939 427 uartus
985 373 1179 427 Iubam
1224 381 1278 427 et
1321 374 1714 427 Mauretaniam
1757 384 1810 428 et

149 442 235 495 bis
265 441 542 495 subactam
571 451 723 496 osten
763 444 887 496 ebat
900 443 1242 514 Hispaniam.
1281 443 1565 496 Pharsalia
1592 452 1645 496 et
1668 444 1808 496 Tha-

148 529 275 582 psos
313 518 366 563 et
391 512 597 565 Munda
635 531 916 584 nusquam.
955 521 1008 565 et
1045 520 1244 584 quanto
1276 514 1483 566 maiora
1513 521 1691 580 erant,
1741 514 1809 566 de

151 581 344 651 quibus
379 599 489 635 non
522 583 684 634 trium
721 582 908 635 habat!

110 674 131 705 5
287 651 395 703 Hic
436 650 654 722 aliquan
695 669 726 704 o
771 652 895 704 finis
941 655 1104 704 armis
1148 652 1278 719 fuit3
1327 651 1538 722 reliqua
1583 669 1695 722 pax
1728 652 1806 703 in·
1822 659 1884 702 90

52 768 56 771 .
148 727 371 772 cruenta
405 727 796 791 pensatumque
832 721 1118 774 clementia
1151 721 1373 773 bellum.
1423 738 1581 773 nemo
1620 739 1808 773 caesus

148 789 374 858 'imperio
420 796 636 859 praeter
668 790 959 842 Afranium
1006 790 1162 861 (satis
1196 791 1483 858 ignoverat
1526 789 1715 858 semel)
1756 798 1810 841 et

148 857 409 910 Faustum
445 857 651 911 Sullam
698 858 977 929 (docuerat
1009 875 1239 929 generos
1274 860 1464 910 timere
1493 858 1806 928 Pompeius)

148 925 682 998 filiamque‘Pompei
725 935 780 980 et
820 927 1075 998 parvulos
1124 946 1195 980 ex
1229 926 1381 980 Sulla
1426 926 1538 998 (hie
1579 928 1810 997 posteris

94 1002 135 1035 ¹⁰
150 996 485 1067 cavebatur).
519 999 700 1068 itaque
733 1015 843 1051 non
871 998 1098 1067 ingratis
1128 996 1338 1049 civibus
1369 1013 1552 1049 omnes
1581 998 1640 1048 in
1665 997 1810 1067 prin-
1825 1001 1881 1043 91

149 1067 323 1136 cipem
375 1067 618 1136 congesti
664 1066 923 1120 honores:
975 1067 1120 1119 circa
1171 1065 1373 1136 templa
1416 1067 1707 1135 imagines,
1753 1067 1812 1117 in

147 1134 358 1188 theatro
407 1136 662 1188 distincta
702 1137 868 1189 radiis
917 1154 1141 1204 corona,
1198 1143 1510 1205 suggestus,
1532 1137 1591 1188 in
1643 1136 1809 1202 curia,

149 1205 428 1274 fastigium
469 1206 528 1257 in
572 1205 755 1273 domo,
813 1207 1012 1258 mensis
1059 1208 1117 1257 in
1160 1205 1311 1258 caelo
1320 1245 1335 1272 ‚
1389 1206 1461 1265 ad
1510 1204 1613 1258 hoc
1696 1212 1812 1257 ater

150 1275 266 1343 ipse
292 1275 499 1344 patriae
526 1282 923 1346 perpetuusque
953 1275 1206 1342 dictator,
1235 1275 1556 1342 novissime,
1589 1223 1812 1327 dubium

97 1353 136 1385 ¹5
152 1361 223 1394 an
267 1344 385 1413 ipso
427 1343 670 1410 volente,
719 1344 900 1397 oblata
943 1362 1041 1414 pro
1076 1345 1267 1396 rostris
1306 1344 1374 1396 ab
1411 1345 1649 1397 Antonio
1687 1362 1810 1396 con-

150 1412 266 1464 sule
309 1413 467 1481 regni
502 1413 754 1482 insignia.
807 1431 944 1484 quae
987 1415 1166 1465 omnia
1200 1413 1350 1465 velut
1384 1414 1588 1465 infulae
1623 1415 1682 1465 in
1720 1413 1808 1466 de·
1825 1411 1882 1453 92

151 1482 403 1533 stinatam
444 1484 605 1533 morti
647 1483 923 1535 victimam
968 1482 1416 1551 congerebantur.
1473 1484 1669 1552 quippe
1707 1482 1810 1533 cle-

148 1551 407 1602 mentiam
440 1552 700 1621 principis
734 1553 867 1603 vicit
894 1551 1127 1618 invidia,
1165 1552 1347 1621 gravis
1387 1570 1455 1603 ue
1481 1560 1596 1603 erat
1623 1551 1810 1603 liberis

149 1621 271 1690 ipsa
302 1614 689 1673 beneficiorum
721 1622 978 1691 potentia.
1017 1639 1119 1673 nec
1147 1621 1350 1673 diutius
1401 1628 1490 1672 ata
1518 1621 1810 1673 dominatio
1827 1627 1887 1669 93

92 1699 136 1730 2⁰
154 1697 260 1756 est,
309 1690 407 1742 sed
441 1689 640 1742 Brutus
675 1698 728 1742 et
769 1690 991 1743 Cassius
1031 1690 1231 1760 aliique
1270 1697 1450 1760 patres
1488 1707 1809 1742 consensere

150 1761 208 1810 in
245 1758 465 1810 caedem
502 1760 778 1829 principiS.
835 1767 1036 1830 quanta
1074 1761 1158 1811 vis
1198 1760 1322 1811 fati!
1358 1767 1671 1812 manauerat
1704 1760 1810 1811 late
1825 1755 1883 1797 9⁴

151 1829 474 1894 coniuratio,
526 1827 742 1880 libellus
791 1831 951 1881 etiam
990 1829 1213 1883 Caesari
1265 1829 1422 1881 datus
1471 1829 1660 1881 eodem
1706 1830 1811 1894 die,

150 1915 253 1949 nec
296 1897 553 1967 perlitare
604 1905 817 1949 centum
853 1900 1088 1950 victimis
1125 1906 1390 1968 potuerat.
1443 1900 1594 1950 venit
1627 1899 1684 1949 in
1723 1916 1810 1950 cu-

149 1968 288 2018 riam
322 1974 503 2018 tamen
541 1967 939 2036 expeditionem
979 1967 1286 2020 Parthicam
1327 1969 1610 2021 meditans,
1650 1968 1727 2020 ibi
1754 1968 1812 2018 in
1829 1975 1885 2018 95

92 2059 137 2091 25
153 2034 326 2088 curuli
380 2036 656 2087 sedentem
710 2054 830 2088 eum
884 2044 1100 2088 senatus
1156 2038 1379 2104 invasit,
1435 2037 1716 2108 tribusque
1761 2044 1813 2088 et

148 2105 346 2174 viginti
386 2104 698 2157 volneribus
744 2106 815 2157 ad
850 2111 1050 2157 terram
1099 2106 1253 2157 datus
1290 2115 1388 2158 est.
1439 2109 1517 2158 sic
1556 2107 1672 2172 ille,
1720 2107 1812 2176 qui

147 2182 414 2226 terrarum
460 2173 645 2226 orbem
692 2175 840 2226 civili
886 2176 1149 2244 sanguine
1195 2176 1538 2245 impleverat,
1593 2176 1813 2227 tandem

148 2244 266 2313 ipse
303 2245 567 2312 sanguine
605 2261 701 2295 suo
743 2246 947 2297 curiam
982 2245 1245 2314 impleuit.

305 2354 497 2407 XIIII.
552 2353 692 2412 RES
727 2353 882 2408 SVB
906 2354 1247 2409 CAESARE
1284 2354 1655 2409 AVGVSTO.

0 2463 1 2497 ἕ
94 2487 138 2521 30
293 2454 532 2526 Populus
551 2456 823 2508 Romanus
852 2456 1084 2509 Caesare
1115 2463 1166 2508 et
1185 2456 1442 2526 Pompeio
1470 2455 1751 2507 trucidatis
1768 2452 1926 2518 1111,3

150 2526 360 2594 *redisse
405 2526 463 2576 in
511 2531 708 2576 statum
786 2527 1036 2577 ristinum
1081 2525 1346 2578 libertatis
1391 2524 1693 2576 videbatur.
1762 2532 1814 2575 et

150 2596 409 2662 redierat,
455 2595 563 2646 nisi
605 2602 697 2646 aut
777 2597 1017 2665 ompeius
1062 2594 1261 2647 liberos
1295 2602 1387 2648 aut
1424 2593 1624 2647 Caesar
1659 2593 1857 2645 here-2

153 2664 276 2717 dem
315 2664 648 2734 reliquisset,
692 2664 808 2730 vel,
858 2665 1003 2734 quod
1034 2671 1263 2734 utroque
1297 2664 1652 2733 perniciosius
1690 2663 1810 2729 fuit,

152 2735 200 2786 si
249 2753 359 2786 non
404 2733 613 2802 collega
654 2733 948 2803 quondam,
990 2751 1119 2785 mox
1164 2734 1404 2785 aemulus
1443 2732 1812 2784 Caesareanae

96 2804 450 2874 sspotentiae,
499 2802 597 2854 fax
633 2810 685 2854 et
718 2801 874 2855 turbo
910 2804 1181 2872 sequentis
1219 2803 1420 2854 saeculi
1456 2801 1813 2871 superfuisset

150 2873 439 2924 AntoniuS.
497 2872 694 2942 quippe
729 2871 856 2922 dum
893 2869 1088 2923 Sextus
1133 2880 1358 2941 paterna
1395 2871 1614 2941 repetit,
1650 2871 1855 2939 trepi-3

153 2941 338 2993 datum
381 2947 493 2993 toto
541 2940 703 3007 mari3
750 2940 876 2991 dum
913 2939 1172 2993 Octavius
1209 2948 1434 2993 mortem
1475 2941 1644 3010 patris
1679 2939 1811 2991 ulci-
