2020 3168
273 213 326 251 P.
351 212 518 251 ANNII
547 212 722 253 raom
753 213 1048 253 vmomms
1077 213 1309 254 ORATOR
1335 214 1414 253 AN
1444 214 1649 253 POETA.
1703 205 1803 255 107

134 338 314 392 videri
333 337 493 404 solet,
531 338 675 409 quod
691 356 800 391 non
823 339 1027 392 Romae
1056 355 1261 406 morer-3
1300 338 1397 391 sed
1423 338 1560 390 nihil
1591 346 1673 390 est
1700 339 1802 390 dif-

136 406 329 460 ficilius
360 425 521 479 quam
545 409 810 460 rationem
842 408 1069 461 reddere
1094 415 1245 459 actus
1276 408 1373 460 tui.
1422 425 1587 477 quare
1615 408 1803 461 desine

134 493 220 528 me
261 477 318 527 in
359 477 672 529 memoriam
711 478 947 547 priorem
982 476 1289 529 reducendo
1325 476 1519 528 vulnus
1558 476 1806 529 dolorum

134 562 375 598 meorum
402 545 728 598 rescindere.
767 546 1001 627 propitia
1030 547 1100 598 sit
1119 546 1214 598 illa
1233 546 1454 613 civitas,
1482 553 1534 598 et
1556 545 1804 598 fruantur

97 624 118 655 5
134 613 230 665 illa
285 614 444 667 uibus
481 614 699 666 fortuna
720 615 997 685 permittit.
1056 615 1200 685 quod
1224 615 1295 668 ad
1322 632 1408 667 me
1434 616 1694 685 pertinet,
1735 632 1808 667 ex

53 723 56 727 .
132 682 226 735 illo
247 633 360 749 319,
392 683 544 734 cuius
555 723 570 749 ,
593 683 661 735 de
681 701 785 754 quo
803 691 863 736 tu
880 684 1012 736 mihi
1031 686 1182 736 testis
1202 702 1258 736 es
1268 724 1284 752 ,
1314 684 1549 754 palmam
1567 690 1806 753 ereptam

130 751 379 803 manibus
422 758 476 803 et
504 752 669 821 capiti
697 769 950 805 coronam
978 770 1096 805 meo
1117 753 1258 819 vidi,
1296 760 1410 805 tota
1442 770 1620 818 menS,
1659 759 1804 803 totus

132 821 340 872 animus
367 819 562 872 resiliit
589 827 749 890 atque
774 821 1054 873 abhorruit
1072 821 1141 874 ab
1164 821 1259 873 illa
1282 822 1526 887 civitate,
1564 821 1805 900 adeoque

134 907 252 940 sum
291 906 576 959 percussus
611 897 664 941 et
701 897 1072 942 consternatus
1114 890 1208 943 illo
1250 889 1460 957 dolore,
1504 897 1566 941 ut
1598 896 1805 960 patnae

79 970 120 1003 ¹0
172 976 347 1028 uoque
375 975 528 1010 meae
555 958 752 1011 oblitus
779 967 832 1012 et
859 966 1143 1030 parentum
1178 960 1577 1012 carissimorum
1612 957 1805 1009 similis

224 1028 334 1079 enti
354 1027 458 1079 huc
479 1034 532 1080 et
551 1027 680 1081 illuc
699 1046 931 1098 vagarer
946 1047 1045 1099 per
1063 1028 1279 1081 diversa
1299 1034 1603 1091 terrarum.'
1643 1034 1696 1080 et
1714 1025 1807 1078 ille

135 1102 152 1127 ³
168 1114 305 1167 quae
330 1104 511 1148 tamen
535 1097 654 1150 loca
678 1115 881 1167 quasve
908 1099 1157 1167 regiones
1182 1097 1525 1168 peragrasti?
1544 1103 1562 1127 '

273 1164 353 1218 ‘Si
379 1166 455 1217 ita
474 1165 724 1236 indulges
745 1168 878 1234 otio,
912 1167 1073 1237 plane
1093 1185 1253 1238 quam
1277 1167 1516 1220 breviter
1537 1182 1804 1237 exponam

133 1252 233 1286 nec
267 1236 470 1287 invitus
503 1235 741 1305 priorum
773 1235 1117 1289 recordabor.
1170 1237 1402 1306 primum
1439 1234 1678 1288 Siciliam
1712 1251 1805 1285 110-

77 1311 119 1345 ¹5
133 1303 299 1356 bilem
330 1304 470 1370 vidi,
509 1304 856 1357 domesticam
879 1305 1093 1358 Cereris
1123 1305 1334 1371 sedem,
1371 1304 1567 1357 deinde
1590 1304 1804 1369 Creten,

130 1373 361 1442 patriam
389 1374 651 1439 tonantis»,
691 1381 743 1426 et
766 1392 799 1425 a
826 1374 994 1426 latere
1017 1375 1225 1426 vicinas
1254 1373 1520 1443 Cycladas
1552 1373 1803 1424 salutavi.

132 1441 260 1494 inde
283 1459 370 1493 me
399 1441 620 1494 Rhodos
647 1449 701 1494 et
725 1443 793 1495 ab
819 1460 1073 1511 regressu
1102 1443 1431 1522 Aegyptium
1457 1442 1708 1511 pelagus,
1744 1447 1806 1492 ut

134 1527 227 1562 ora
244 1509 358 1561 Nili
378 1510 623 1563 viderem
656 1519 710 1563 et
735 1511 993 1582 populum
1021 1529 1232 1582 semper
1256 1530 1314 1562 1n
1340 1510 1554 1579 templis
1577 1511 1807 1563 otiosum

132 1580 453 1649 peregrinae
484 1578 618 1632 deae
648 1581 809 1632 sistra
842 1580 1162 1650 pulsantem.
1218 1580 1345 1632 inde
1375 1597 1560 1632 rursus
1591 1578 1807 1630 Italiam

25 1693 33 1700 .
74 1663 119 1696 20
136 1649 298 1715 redii,
338 1656 390 1700 et
423 1649 603 1701 taedio
638 1650 802 1702 maris
840 1667 962 1701 cum
991 1650 1385 1702 mediterranea
1420 1649 1806 1718 concupissem,

133 1724 346 1769 secutus
361 1716 599 1769 Gallicas
612 1718 782 1788 Alpes
798 1717 886 1791 [et]
905 1718 1074 1770 lustro
1125 1717 1312 1787 opulos
1334 1717 1583 1788 aquilone
1600 1716 1806 1786 pallen-

131 1794 231 1839 tes.
269 1785 396 1838 inde
424 1786 503 1838 sol
525 1787 775 1840 occidens
795 1787 1021 1857 placuit:
1100 1795 1215 1840 ecto
1236 1804 1468 1838 cursum.
1510 1786 1607 1838 sed
1627 1785 1807 1836 statim

131 1874 230 1926 par
257 1855 504 1921 horrore,
541 1874 640 1925 par
657 1857 885 1922 vertice,
922 1875 1020 1925 par
1046 1856 1139 1908 ille
1161 1855 1378 1908 nivibus
1403 1855 1618 1925 Alpinis
1641 1854 1806 1924 Pyre-

132 1943 301 1977 naeus
329 1924 558 1993 excepit.
595 1925 778 1992 vides,
798 1925 1019 1995 hospeS,
1041 1943 1177 1995 quae
1205 1926 1380 1995 spatia
1398 1925 1535 1977 caeli
1552 1940 1807 1993 peragra-

75 2007 118 2040 25
133 1994 332 2060 verim,
365 2011 502 2063 quae
527 1995 689 2046 maris
711 2012 917 2065 quaeve
941 2002 1220 2047 terrarum.
1260 2011 1369 2046 non
1393 1993 1549 2045 aliter
1577 2011 1662 2044 me
1688 1991 1804 2044 her-

134 2062 308 2130 culeS,
340 2064 385 2114 si
412 2063 659 2115 conferre
725 2064 869 2116 arvis
893 2081 1089 2132 magna
1118 2063 1270 2129 licet,
1302 2081 1453 2115 sacer
1480 2062 1573 2114 ille
1592 2062 1803 2113 iuvenis

173 2131 479 2184 ervolitavit
492 2172 506 2198 ,
540 2133 627 2184 cui
705 2150 825 2185 erra
854 2140 1027 2185 mater
1044 2150 1268 2202 capaces
1289 2138 1607 2184 oneraverat
1634 2130 1804 2198 frugi-

132 2152 235 2253 bus
262 2202 504 2266 amictuS,
526 2209 579 2253 et
597 2221 719 2255 cum
738 2202 865 2254 alite
886 2209 1134 2272 serpente
1153 2220 1368 2254 currum
1385 2202 1503 2270 ipsa
1521 2200 1801 2264 iunxisset,

134 2271 239 2321 nisi
275 2277 384 2322 toto
424 2270 553 2322 orbe
627 2279 874 2340 eragrato
906 2273 1078 2324 vetuit
1120 2289 1243 2325 suas
1281 2271 1459 2323 redire
1508 2276 1800 2339 serpentes,

76 2340 294 2391 aoliceat
324 2357 451 2408 ergo
480 2346 573 2391 tan
614 2358 697 2393 em
725 2341 950 2410 fatigato
989 2341 1078 2393 hic
1114 2340 1402 2409 aliquando
1432 2338 1798 2392 succumbere.

135 2410 182 2460 si
201 2407 428 2478 Scythes
451 2426 651 2476 essem,
683 2410 789 2461 iam
853 2410 1056 2462 laustra
1085 2410 1394 2477 solvissem3
1434 2411 1480 2460 si
1504 2426 1674 2478 vagus
1708 2425 1803 2475 gu-

131 2478 410 2543 bernator,
429 2479 538 2529 iam
563 2478 738 2531 dicata
755 2497 822 2548 pe
846 2481 936 2549 agi
955 2479 1088 2531 deae
1110 2498 1270 2549 prora
1292 2480 1569 2549 penderet.
1608 2493 1802 2547 quous-

134 2566 237 2617 que
261 2546 619 2616 vagabimur‘?
655 2566 725 2600 an
752 2566 962 2619 semper
990 2548 1227 2619 hospites
1259 2549 1497 2601 erimus?
1532 2549 1679 2599 ferae
1713 2562 1800 2597 cu-

132 2616 242 2669 bile
264 2616 599 2686 prospiciunt
618 2625 668 2669 et
688 2635 816 2670 aves
832 2626 1117 2671 senescunt
1134 2619 1191 2669 in
1204 2618 1350 2671 nido.
1389 2620 1435 2670 si
1453 2618 1565 2669 fata
1576 2617 1802 2668 Romam

73 2695 119 2729 35
135 2693 337 2754 negant
354 2686 599 2755 patriam,
623 2687 800 2738 saltim
821 2686 909 2739 hic
930 2705 1147 2740 manere
1174 2690 1466 2757 contingat.
1505 2686 1634 2757 quid
1658 2683 1803 2754 quod

134 2755 465 2807 consuetudo
492 2773 577 2807 res
604 2756 759 2807 fortis
786 2763 883 2809 est.
939 2767 990 2808 et
1016 2775 1140 2809 ecce
1164 2758 1270 2809 iam
1293 2757 1656 2808 familiaritate
1678 2770 1801 2804 con·

132 2824 284 2875 tinua
314 2824 506 2876 civitas
533 2824 688 2877 nobis
712 2826 831 2894 ipsa
858 2825 1157 2893 blanditur,
1197 2844 1357 2896 quae,
1400 2826 1447 2877 si
1473 2824 1602 2895 quid
1622 2822 1796 2875 credis

132 2891 264 2944 mihi
291 2894 383 2963 qui
408 2893 574 2945 multa
594 2895 840 2963 cognovi,
862 2896 1098 2948 omnium
1118 2913 1299 2947 earum
1324 2913 1460 2965 quae
1480 2894 1550 2946 ad
1570 2894 1804 2964 quietem
