2020 3168
659 211 704 280 1,
725 212 810 264 33.
833 212 900 263 34
928 210 1006 283 με,
1033 213 1113 262 17.
1142 209 1258 280 181.
1722 215 1789 265 45

119 354 178 407 in
211 349 415 404 tumulo
447 357 576 420 aput
608 350 809 402 flumen
847 354 1058 402 Durium
1098 350 1226 416 sita,
1276 355 1526 419 quattuor
1572 348 1788 400 milibus

122 419 516 475 Celtiberorum
554 419 913 490 quadraginta
951 419 1248 470 exercitum
1282 436 1381 488 per
1415 434 1584 469 annos
1623 417 1789 469 unde-

120 491 225 543 cim
260 488 375 541 sola
402 489 672 555 sustinuit,
699 505 802 540 nec
831 488 1085 540 sustinuit
1115 487 1291 553 modo,
1327 487 1424 539 sed
1455 488 1669 538 saevius
1695 485 1789 537 ali-

119 557 334 630 quando
382 557 612 628 perculit
650 556 1029 638 pudendisque
1065 556 1375 609 foederibus
1411 555 1629 608 adfecit.
1698 573 1788 606 no-

84 628 356 693 svissime,
394 644 516 679 cum
550 628 808 678 invictam
847 644 966 679 esse
1001 632 1287 693 constaret,
1315 643 1448 696 opus
1481 624 1584 678 fuit
1610 643 1672 678 eo
1698 625 1791 695 qui

122 695 507 764 Carthaginem
543 702 828 747 everterat.

44 773 48 777 ’
257 762 382 815 Non
412 770 639 829 temere,
678 764 725 814 si
759 763 922 815 fateri
958 764 1109 831 licet,
1150 763 1313 816 ullius
1344 781 1507 816 causa
1545 763 1677 815 belli
1715 765 1791 814 in·
1811 770 1838 812 3

116 834 325 886 iustior.
367 831 707 901 SegidenseS,
740 832 912 885 socios
951 840 1004 885 et
1039 833 1467 902 consanguineos
1499 849 1651 898 suOS,
1689 832 1793 884 Ro-

117 919 397 955 manorum
420 900 668 953 manibus
698 900 927 971 elapsos,
966 919 1120 954 susce
1160 909 1328 954 erant.
1367 900 1554 953 habita
1585 917 1683 970 pro
1707 901 1790 952 his
1807 906 1836 946 4

63 984 106 1018 ¹⁰
122 971 429 1042 deprecatio
457 969 595 1022 nihil
622 969 811 1022 valuit.
863 988 985 1023 cum
1010 989 1067 1024 se
1099 989 1131 1022 a
1200 972 1346 1023 omni
1373 970 1641 1024 bellorum
1669 987 1792 1023 con-

117 1042 338 1110 tagione
371 1046 726 1106 removerent,
765 1041 823 1092 in
857 1039 1087 1109 legitimi
1122 1040 1357 1093 foederis
1391 1040 1624 1110 pretium
1659 1040 1793 1091 iussi

119 1127 270 1162 arma
304 1109 372 1162 de
411 1126 590 1161 onere.
653 1108 756 1161 hoc
801 1109 880 1161 sic
920 1127 952 1160 a
988 1108 1235 1162 barbaris
1279 1117 1583 1179 acceptum,
1639 1110 1793 1179 quasi

118 1196 309 1231 manus
326 1185 370 1229 ‘a
410 1177 760 1230 sciderentur.
813 1179 995 1249 itaque
1025 1180 1206 1231 statim
1234 1178 1581 1247 Megaravico
1612 1177 1791 1230 fortis-

121 1249 255 1300 simo
295 1247 430 1300 duce
477 1246 548 1299 ad
582 1264 732 1299 arma
778 1249 1043 1300 conversi.
1104 1248 1421 1318 Pompeium
1495 1247 1662 1300 roelio
1699 1247 1791 1299 ad-

67 1341 108 1375 15
122 1317 312 1386 gressi,
344 1315 533 1369 foedus
566 1322 746 1367 tamen
782 1316 1099 1384 maluerunt,
1138 1335 1259 1369 cum
1299 1316 1455 1369 debel
1478 1333 1570 1368 are
1592 1318 1792 1386 potuis-

121 1392 266 1453 sent3
304 1384 598 1438 Hostilium
630 1384 826 1437 deinde
861 1385 1200 1438 Mancinum:
1236 1385 1379 1437 hunc
1415 1403 1625 1467 quoque
1652 1385 1792 1438 adsi·
1809 1393 1835 1433 5

110 1455 242 1508 'duis
271 1453 526 1507 caedibus
556 1454 632 1505 ita
661 1453 1006 1524 subegerunt,
1043 1462 1103 1506 ut
1136 1473 1205 1507 ne
1244 1455 1426 1508 oculos
1454 1455 1671 1525 quidem
1701 1461 1794 1506 aut

119 1542 310 1577 vocem
333 1522 650 1575 Numantini
676 1524 784 1574 viri
847 1525 1095 1594 uisquam
1126 1525 1431 1576 sustineret.
1466 1532 1647 1575 tamen
1672 1541 1792 1575 cum
1809 1524 1836 1565 6

119 1592 223 1646 hoc
260 1611 472 1664 quoque
508 1592 698 1644 foedus
735 1610 823 1643 ma
843 1611 987 1660 uere,
1028 1595 1266 1646 contenti
1303 1596 1573 1646 armorum
1608 1610 1793 1645 manu-

68 1682 111 1715 20
122 1662 246 1730 biis,
280 1681 400 1715 cum
430 1661 502 1714 ad
530 1662 939 1714 internicionem
966 1665 1178 1715 saevire
1212 1665 1530 1733 potuissent.
1567 1662 1664 1714 sed
1685 1669 1836 1714 non7

120 1733 297 1784 minus
325 1731 640 1784 Numantini
670 1749 830 1801 quam
863 1731 1097 1785 Caudini
1122 1732 1269 1784 illius
1295 1732 1531 1785 foederis
1557 1731 1793 1801 flagrans

121 1802 419 1870 ignominia
454 1808 546 1852 aut
577 1800 784 1870 pudore
818 1801 1047 1871 populus
1077 1802 1368 1868 RomanuS,
1408 1801 1642 1854 dedecus
1680 1802 1792 1871 qui-

123 1870 245 1922 dem
270 1871 569 1941 praesentis
606 1869 800 1939 flagitii
835 1870 1108 1924 deditione
1131 1871 1372 1924 Mancini
1412 1889 1441 1923 e
1519 1871 1668 1936 iavit,
1706 1888 1788 1922 ce·
1806 1882 1833 1922 8

120 1946 296 1991 terum
314 1939 450 1991 duce
472 1937 736 2008 Scipione,
771 1938 1116 2008 Carthaginis
1140 1941 1406 1993 incendiis
1434 1958 1466 1991 a
1523 1939 1795 1991 excidium

69 2023 111 2057 25
125 2008 341 2060 urbium
378 2007 590 2074 inbut0,
638 2008 858 2061 tandem
895 2011 1056 2060 etiam
1095 2011 1153 2061 in
1187 2010 1447 2063 ultionem
1485 2008 1791 2062 excanduit.

123 2077 221 2130 sed
247 2084 361 2129 tum
397 2078 573 2129 acrius
612 2078 670 2128 in
708 2079 897 2129 castris
937 2096 1096 2148 quam
1125 2080 1183 2130 in
1220 2097 1424 2149 campo,
1459 2085 1645 2131 nostro
1674 2092 1837 2133 cum9

121 2146 292 2198 milite
322 2164 481 2216 quam
511 2164 632 2198 cum
667 2146 995 2200 Numantino
1032 2148 1406 2217 proeliandum
1434 2148 1554 2199 fuit.
1595 2151 1791 2218 quippe
1814 2159 1867 2200 10

123 2215 364 2266 adsiduis
404 2223 456 2267 et
490 2216 702 2267 iniustis
741 2223 793 2268 et
830 2216 1119 2269 servilibus
1157 2219 1390 2270 maxime
1420 2216 1671 2287 operibus
1704 2215 1794 2267 ad-

122 2285 237 2335 triti
271 2283 414 2336 ferre
459 2284 670 2354 plenius
717 2285 947 2352 vallum,
1032 2288 1123 2338 uia
1161 2305 1311 2338 arma
1344 2287 1641 2352 nescirent,
1684 2286 1794 2337 luto

68 2375 111 2410 30
128 2353 414 2423 inquinari,
453 2354 578 2423 quia
616 2355 879 2423 sanguine
916 2355 1008 2408 nol
1032 2363 1148 2423 ent,
1187 2356 1528 2408 iubebantur.
1588 2354 1659 2406 ad
1694 2354 1796 2406 hoc

126 2429 319 2489 scorta,
359 2422 589 2488 caloneS,
629 2425 872 2476 sarcinae
899 2426 1007 2476 nisi
1040 2426 1111 2478 ad
1137 2444 1292 2478 usum
1320 2425 1661 2477 necessariae
1688 2442 1794 2474 am-

122 2498 393 2562 putantur.
431 2492 568 2543 tanti
598 2510 713 2544 esse
743 2495 1038 2546 exercitum
1099 2497 1251 2547 uanti
1269 2497 1646 2565 imperatorem
1665 2510 1792 2545 vere
1816 2496 1864 2536 ll

122 2561 394 2630 proditum
430 2568 526 2613 est.
584 2563 662 2613 sic
695 2562 912 2616 redacto
961 2565 1019 2615 in
1104 2565 1407 2634 isciplinam
1452 2564 1621 2615 milite
1657 2580 1795 2614 com.-

124 2631 290 2682 missa
318 2632 477 2696 acies,
518 2631 766 2701 quodque
795 2650 951 2686 nemo
980 2634 1224 2686 visurum
1252 2653 1309 2686 se
1339 2651 1592 2704 umquam
1618 2649 1794 2701 spera·

69 2717 113 2751 35
130 2707 286 2751 verat
321 2700 537 2766 factum,
585 2707 644 2751 ut
691 2700 959 2769 fugientes
996 2702 1351 2756 Numantinos
1401 2704 1683 2773 quisquam
1718 2701 1795 2752 vi-

128 2767 293 2821 deret.
344 2769 541 2822 dedere
571 2770 730 2820 etiam
760 2788 817 2822 se
845 2771 1114 2840 volebant,
1155 2775 1201 2825 si
1225 2773 1504 2826 toleranda
1534 2771 1667 2822 viris
1698 2771 1793 2821 im·
1814 2780 1867 2820 12

124 2845 466 2905 perarentur..
518 2838 615 2891 sed
660 2857 780 2890 cum
818 2837 996 2910 Scipio
1035 2861 1219 2894 veram
1254 2842 1417 2893 vellet
1457 2848 1507 2892 et
1551 2841 1666 2891 sine
1705 2857 1795 2890 ex-

126 2908 370 2975 ceptione
406 2908 714 2974 victoriam,
766 2926 827 2961 eo
864 2912 1245 2963 necessitatum
1285 2909 1528 2980 conpulsi
1565 2909 1797 2978 primum
