2020 3168
634 202 914 296 [Le—11
948 227 1339 298 [nrm—231.
1750 233 1819 281 77

148 366 256 419 lius
289 365 532 434 tabulae,
568 367 654 418 vir
690 383 928 418 summae
964 365 1182 436 quidem
1206 363 1303 416 sed
1331 364 1676 419 calamitosae
1709 368 1818 419 vir-

147 436 279 488 tutis
327 435 483 488 malis
532 436 643 488 suis
687 435 860 487 maria
906 442 1188 505 terrasque
1221 434 1562 503 permiscuit;
1611 443 1665 488 et
1710 437 1818 490 iam

150 504 389 572 Africae,
426 506 535 558 iam
548 503 872 557 Balearibus
902 502 1096 556 insulis
1132 502 1405 555 fortunam
1441 512 1698 574 expertus
1733 523 1822 558 us-

152 591 256 644 que
286 575 343 625 in
375 574 652 627 Oceanum
682 573 1094 643 fortunatasque
1119 571 1327 624 insulas
1355 574 1662 642 penetravit
1698 591 1821 627 con-

94 668 116 700 5
151 642 311 710 siliis,
347 642 567 696 tandem
586 641 911 712 Hispaniam
945 642 1191 706 armavit.
1265 641 1385 693 viro
1422 659 1545 694 cum
1573 644 1708 695 viris
1742 644 1820 696 fa·
1836 661 1864 703 3

56 761 60 764 ,
150 712 252 764 cile
289 713 559 765 convenit.
632 729 734 762 nec
769 710 904 762 alias
949 712 1125 780 magis
1171 711 1420 780 apparuit
1455 710 1690 782 Hispani
1722 715 1820 766 mi-

147 780 258 832 litis
294 781 453 850 vigor
535 797 661 832 uam
695 779 937 832 Romano
984 780 1138 832 duce.
1213 795 1539 849 quamquam
1581 780 1677 834 ille
1710 800 1821 835 non
1835 793 1864 832 4

148 856 431 903 contentus
546 850 736 920 spania
771 848 843 901 ad
871 848 1242 900 Mithridatem
1288 864 1503 918 quoque
1540 847 1819 904 Ponticos-

183 937 253 972 ue
288 919 532 1000 respexit
567 936 627 971 re
669 935 859 999 emque
894 917 1069 970 classe
1101 918 1257 969 iuvit.
1332 924 1385 969 et
1415 917 1547 988 quid
1580 917 1822 973 futurum
1838 930 1865 971 5

91 1006 134 1041 10
172 989 255 1041 uit
290 995 422 1041 satis
456 995 606 1041 tanto
675 994 793 1054 osti,
832 988 920 1040 cui
953 1004 1063 1040 uno
1096 988 1419 1057 imperatore
1448 987 1702 1041 resistere
1733 1007 1821 1042 res

146 1058 391 1111 Romana
434 1075 544 1110 non
588 1057 805 1128 potuit?
848 1056 1069 1110 additus
1112 1054 1334 1110 Metello
1373 1055 1561 1109 Gneus
1598 1056 1823 1129 Pompe-

145 1128 248 1180 ius.
322 1127 380 1182 hi
426 1128 609 1197 copias
655 1126 990 1179 adtriverant
1023 1126 1156 1192 viri,
1202 1143 1372 1196 prope
1401 1132 1516 1178 tota
1551 1125 1818 1197 Hispania
1836 1139 1863 1181 6

145 1198 433 1267 persecuti.
509 1196 604 1249 diu
636 1204 689 1249 et
723 1197 945 1266 ancipiti
982 1211 1192 1266 semper
1220 1197 1337 1247 acie
1372 1213 1446 1265 pu
1525 1202 1672 1247 atum
1710 1205 1819 1265 est3

145 1284 247 1319 nec
293 1274 474 1319 tamen
517 1266 668 1336 prius
714 1264 859 1318 bello
896 1281 1057 1336 quam
1094 1282 1313 1317 suorum
1355 1282 1445 1317 sce
1470 1282 1559 1317 ere
1605 1273 1658 1317 et
1691 1267 1819 1318 insi-

92 1353 133 1387 15
150 1335 254 1388 diis
302 1336 572 1403 extinctus
621 1342 718 1387 est.
805 1335 980 1404 prima
1019 1352 1117 1404 per
1163 1333 1371 1403 legatos
1419 1333 1607 1386 habita
1650 1344 1818 1388 certa-

145 1406 317 1471 mina,
369 1399 492 1457 cuni
537 1404 664 1456 hinc
709 1404 983 1458 Domitius
1026 1411 1078 1455 et
1115 1402 1376 1469 Thoriusx,
1421 1403 1550 1455 inde
1584 1404 1822 1457 Hirtulei

182 1473 522 1542 roluderent3
559 1491 689 1526 mox
716 1472 802 1525 his
822 1480 952 1543 aput
978 1471 1292 1542 Segoviam,
1330 1469 1445 1524 illis
1480 1473 1626 1542 apud
1642 1474 1820 1525 Anam
1837 1485 1863 1523 7
1945 1516 1950 1520 .

143 1493 345 1595 fiumen
382 1561 450 1614 op
489 1544 681 1610 ressis,
728 1543 835 1613 ipsi
883 1542 1047 1595 duces
1100 1543 1401 1594 comminus
1439 1542 1674 1594 invicem
1729 1561 1820 1595 ex-

187 1614 288 1665 erti
325 1630 432 1683 apu
503 1612 811 1667 Lauronem
848 1619 902 1664 at
940 1630 1009 1664 ue
1048 1609 1344 1665 Sucronem
1375 1624 1679 1682 aequavere
1715 1612 1819 1664 cla-

15 1706 28 1722 ι
88 1703 132 1736 20
188 1699 262 1735 es.
344 1690 461 1734 tum
507 1681 617 1734 illis
666 1682 738 1735 ad
771 1700 878 1752 pop
938 1682 1147 1735 ationes
1184 1698 1462 1750 agrorum,
1509 1680 1594 1732 his
1631 1681 1703 1733 ad
1734 1681 1862 1734 ur—8

146 1751 298 1803 bium
334 1752 551 1804 excidia
584 1753 891 1819 conversiS,
927 1752 1127 1804 misera
1161 1752 1303 1803 inter
1338 1750 1611 1803 Romanos
1654 1751 1817 1804 duces

146 1820 416 1891 Hispania
471 1821 774 1875 discordiae
821 1838 1023 1892 poenas
1079 1820 1273 1887 dabat3
1332 1820 1504 1873 donec
1559 1838 1816 1890 oppresso
1836 1825 1863 1867 9

148 1890 443 1943 domestica
478 1891 669 1943 fraude
707 1890 971 1957 Sertorio,
1017 1891 1164 1943 victo
1203 1890 1492 1961 deditoque
1527 1889 1817 1960 Perperna,

146 1961 297 2080 ipsae
335 1977 547 2031 quoque
583 1962 643 2012 in
677 1960 977 2014 Romanam
1011 1960 1175 2013 fidem
1217 1977 1417 2013 venere
1463 1959 1627 2012 urbes
1659 1959 1817 2026 Osca,

87 2052 129 2085 25
196 2036 449 2096 ermeste,
495 2029 648 2096 Vlia,
693 2030 971 2097 Valentia,
1018 2030 1276 2082 Auxuma
1322 2037 1375 2082 et
1416 2031 1475 2082 in
1507 2029 1651 2082 fame
1684 2029 1819 2082 nihil

145 2116 255 2152 non
287 2108 512 2180 experta
541 2098 874 2170 Calagurris.
951 2100 1030 2152 sic
1062 2117 1186 2151 rece
1224 2106 1282 2151 ta
1315 2100 1374 2150 in
1404 2117 1594 2168 pacem
1622 2099 1818 2169 Hispa-

144 2169 252 2219 nia.
325 2176 563 2221 victores
613 2170 776 2222 duces
813 2177 1096 2222 externum
1142 2169 1162 2220 i
1235 2170 1409 2238 magis
1461 2186 1622 2238 quam
1657 2168 1817 2221 civile

145 2236 348 2290 bellum
382 2237 560 2290 videri
594 2239 904 2306 voluerunt,
950 2246 1011 2291 ut
1046 2238 1453 2307 triumpharent.

356 2345 459 2397 XI.
491 2346 799 2400 BELLVM
833 2348 1087 2402 CIVILE
1127 2348 1264 2403 SVB
1303 2349 1603 2404 LEPIDO.

88 2470 132 2503 30
217 2444 401 2498 Marco
448 2444 658 2515 Lepido
718 2445 917 2511 Quinto
972 2447 1164 2501 Catulo
1222 2448 1533 2501 consulibus
1588 2446 1747 2499 civile
1768 2459 1852 2510 111,
1866 2446 1932 2497 23

146 2513 350 2567 bellum
390 2532 563 2584 paene
610 2516 768 2567 citius
817 2535 1134 2587 oppressum
1183 2526 1264 2570 est
1316 2536 1477 2589 quam
1531 2518 1639 2569 inci
1681 2524 1816 2568 eret:

148 2583 245 2636 sed
290 2583 778 2654 quantulacumque
823 2586 921 2638 fax
970 2587 1116 2639 illius
1161 2595 1336 2641 motus
1374 2588 1442 2639 ab
1480 2588 1597 2656 ipso
1656 2585 1817 2636 *ullae

144 2670 277 2721 rogo
326 2654 546 2705 exarsit.
633 2655 857 2723 cupidus
906 2675 1086 2708 rerum
1133 2675 1398 2709 novarum
1440 2674 1537 2726 per
1583 2654 1859 2707 imolen-2

144 2723 278 2774 tiam
312 2722 552 2792 Lepidus
600 2730 720 2775 acta
754 2725 891 2776 tanti
933 2727 1040 2777 viri
1071 2728 1380 2779 rescindere
1415 2725 1667 2796 parabat:
1716 2741 1816 2775 nec

90 2802 135 2836 35
150 2792 425 2858 inmerito,
477 2792 524 2843 si
568 2799 748 2844 tamen
792 2802 975 2863 posset
1021 2797 1137 2847 sine
1184 2813 1381 2865 magna
1418 2794 1571 2847 clade
1608 2795 1687 2845 rei
1722 2811 1816 2863 pu-

147 2860 339 2913 blicae.
396 2879 522 2913 nam
555 2879 676 2913 cum
709 2863 823 2914 iure
859 2863 990 2915 belli
1024 2862 1173 2916 Sulla
1208 2866 1436 2917 dictator
1471 2863 1859 2934 proscripsis-3

148 2937 229 2982 set
275 2931 547 2998 inimicos»,
603 2932 695 3000 qui
744 2941 1057 3001 supererant
1103 2941 1391 2986 revocante
1431 2932 1638 3003 Lepido
1687 2931 1817 3001 quid
