2020 3168
799 187 1141 248 mmmm.
1815 216 1879 255 XI

66 329 306 389 Corinthos
348 330 444 377 ΝΟ.
482 352 553 364 -
583 332 666 383 42,
711 331 765 378 16
795 326 1096 374 Macedoniae
1121 333 1285 389 statum
1319 330 1383 375 H:
1434 329 1734 378 Macedoniae
1772 333 1850 379 BN
1863 347 1877 390 ;

64 391 382 460 Macedoniam
412 399 446 445 o
469 403 512 443 et
538 400 695 457 vulgo.
732 423 803 430 --
835 402 917 453 42,
951 401 1004 446 18
1039 398 1196 444 Elidos
1216 398 1277 443 B:
1311 399 1456 445 Elidis
1483 400 1579 447 No.
1618 427 1685 433 —
1719 404 1799 456 42,
1821 407 1879 451 22

64 470 301 530 intervenit
326 469 411 514 Ed.
430 467 759 513 WoelfflInus:
797 469 963 514 invenit
986 467 1039 522 B,
1063 470 1183 515 venit
1209 467 1301 515 ΝΟ.
1342 496 1398 503 -
1445 473 1529 525 42,
1557 475 1615 518 28
1642 471 1875 527 Corinthii]

63 535 262 584 corinthi
288 538 323 583 B
349 552 453 584 cum
481 551 646 584 rasura
677 543 784 596 post
810 536 883 590 ἠὺ
918 536 1102 584 videtur
1120 534 1359 602 corinthici
1386 539 1548 584 fuisse.
1586 563 1658 572 —
1697 544 1778 595 42,
1820 544 1878 589 36

63 608 425 656 clarissimarum
448 606 833 652 Freinshemius:
872 607 1130 652 clarissima
1164 608 1302 654 ΒΝΟ.
1355 631 1426 640 -
1485 612 1565 666 43,
1604 616 1626 657 1
1655 611 1878 656 scintillae

63 675 360 723 Woelfflinus
393 675 650 722 secundum
676 675 913 731 Iahnium‚
965 677 1041 734 qui
1080 677 1321 735 ingeniose
1357 677 1551 735 favillae
1587 679 1876 724 coniecerat:

61 746 135 808 ille
153 745 248 792 BN.
275 769 345 779 —-
390 748 472 798 43,
500 750 554 793 15
577 746 832 803 contagium
856 758 913 789 ac
940 746 1107 790 series.-
1143 748 1397 804 contaqium
1421 747 1487 791 ad
1510 749 1654 792 series
1684 748 1735 799 B,
1767 761 1876 794 con-

61 816 179 878 tayio
202 819 246 860 et
267 816 412 860 series
437 815 492 870 N,
521 816 776 874 contagium
804 826 998 871 serpens
1019 813 1053 860 O
1076 829 1135 859 ex
1160 815 1454 860 Mommsenii
1482 817 1602 861 coni.
1635 840 1705 849 —
1740 820 1822 871 44,
1850 823 1873 865 1

61 885 134 930 ille
161 883 315 942 Scipio
346 877 408 930 B:
448 880 601 942 Scipio
631 885 705 929 ille
728 883 825 929 ΝΟ.
858 907 928 915 --
967 888 1040 940 44,
1073 887 1102 932 3
1133 885 1319 931 Celticos
1345 885 1452 931 BN:
1504 885 1744 932 Celtiberos
1777 886 1877 932 Sal-

60 955 236 999 masius
262 967 320 998 ex
348 953 453 999 cod.
483 947 704 999 Palatino.
748 948 930 1011 Reliqui
965 955 1209 999 lectionem
1237 955 1474 1013 vulgatam
1507 957 1564 1000 ob
1596 955 1726 1000 locos
1754 954 1878 1000 Stra-

58 1023 194 1068 bonis
219 1023 302 1079 111,
333 1029 384 1080 1,
420 1026 513 1082 6p.
537 1027 648 1080 139;
686 1023 769 1077 111,
797 1029 847 1078 2,
883 1028 910 1070 2
940 1038 983 1081 p.
1006 1023 1226 1080 141;111‚
1263 1029 1397 1080 2,15
1425 1038 1470 1082 p.
1503 1030 1613 1079 1513
1641 1025 1723 1079 ΙΙΙ,
1761 1028 1812 1080 3,
1847 1030 1874 1073 5

58 1107 106 1152 p.
137 1095 247 1148 153,
275 1090 555 1151 quamquam
583 1094 717 1138 lectio
740 1093 935 1138 Palatini
970 1093 1124 1152 aliqua
1159 1107 1217 1138 ex
1247 1100 1377 1151 parte
1405 1093 1612 1139 firmatur
1649 1095 1877 1152 scriptura

60 1163 107 1207 in
127 1162 230 1207 cod.
262 1163 323 1219 B,
362 1157 440 1220 qui
467 1176 562 1208 see.
591 1177 730 1208 manu
760 1163 1016 1207 recenliore
1045 1164 1224 1208 celticos
1250 1169 1509 1208 correctum
1539 1163 1704 1219 habet;
1747 1164 1876 1221 prius

60 1229 289 1290 seriptum*
318 1233 463 1277 fuisse
490 1226 674 1277 videtur
708 1233 869 1277 celicos
899 1238 976 1277 aut
1000 1233 1163 1278 celiros
1209 1257 1282 1273 .—-
1321 1238 1402 1290 44,
1440 1237 1494 1280 13
1542 1234 1769 1278 audaciae
1812 1233 1873 1277 B:

56 1307 230 1347 astutus
255 1305 298 1346 el
325 1302 523 1346 audacia
543 1303 610 1357 N,
647 1296 837 1346 astutiae
875 1301 926 1347 Ο.
956 1326 1024 1332 —
1058 1306 1140 1356 44,
1186 1307 1242 1349 23
1270 1308 1427 1347 castra
1453 1305 1585 1347 etiam
1604 1308 1876 1360 praetorum

56 1376 99 1417 et
122 1365 366 1429 praesidia
409 1370 658 1430 adyressus
687 1369 748 1415 H:
792 1377 950 1415 castra
974 1372 1105 1415 etiam
1127 1377 1395 1429 praetorum
1422 1374 1785 1429 (praetoriorum
1811 1372 1874 1426 N)

50 1440 335 1498 praesidium
371 1439 504 1498 adqr.
541 1440 635 1485 BN.
710 1439 808 1484 Nec
843 1446 999 1485 tamen
1057 1442 1118 1486 ila
1160 1445 1288 1485 certa
1334 1446 1404 1485 est
1441 1440 1705 1485 emendatio
1743 1455 1770 1486 a
1800 1453 1873 1485 me

54 1511 311 1568 proposita,
334 1523 438 1554 cum
463 1515 506 1555 el
526 1515 633 1569 post
646 1514 916 1567 praetorum
931 1510 1067 1554 etiam
1093 1524 1119 1555 a
1139 1510 1174 1554 B
1197 1511 1331 1565 absit,
1354 1509 1678 1568 quodIahnius
1706 1508 1874 1555 afferre

55 1580 227 1624 omisit.
263 1580 419 1624 Potest
445 1582 566 1625 enim
579 1579 861 1637 praesidium
886 1581 939 1635 (i.
964 1594 1003 1624 e.
1023 1580 1317 1637 praesidum)
1347 1581 1482 1624 etiam
1505 1581 1743 1638 glossema
1769 1594 1872 1625 voe.

49 1654 318 1707 praecorum
345 1662 467 1695 esse.
507 1676 577 1684 —-
610 1651 690 1703 44,
718 1654 774 1696 25
799 1655 844 1693 et
867 1653 949 1703 45,
972 1655 1030 1697 20
1063 1651 1427 1694 internicionem.-
1458 1650 1788 1694 internitionem
1822 1649 1873 1705 Β,

52 1719 403 1763 internecionem
429 1719 526 1765 ΝΟ.
575 1744 636 1751 -—
682 1720 752 1775 45,
793 1725 817 1766 1
841 1719 1038 1764 Durium
1059 1718 1169 1763 edd.
1196 1725 1407 1764 veteres:
1445 1732 1534 1771 om,
1565 1717 1704 1762 codd.
1742 1724 1786 1761 et
1819 1718 1872 1763 Ο.

52 1812 123 1819 -
139 1792 211 1842 45,
239 1792 268 1835 3
286 1790 464 1833 saevius
488 1789 732 1848 aliquando
750 1789 948 1845 perculit
966 1789 1175 1847 Lipsius:
1202 1801 1241 1833 s.
1264 1790 1495 1847 aliquanto
1519 1789 1717 1845 perculit
1735 1788 1812 1831 BN
1819 1788 1871 1833 Ο.

52 1884 123 1891 -
151 1860 222 1911 45,
246 1861 301 1904 16
326 1857 447 1901 hunc
467 1870 640 1917 quoque
666 1858 915 1902 delendum
938 1863 1097 1903 censet
1116 1858 1329 1913 Iahnius3
1352 1858 1637 1916 probabilius
1660 1863 1729 1901 est
1751 1856 1875 1914 quod

54 1926 360 1970 Mommsenio
382 1929 426 1971 in
448 1932 647 1971 mentem
671 1930 818 1983 venit,
846 1929 1136 1986 participium
1152 1965 1162 1983 ‚
1202 1934 1249 1973 ut
1267 1929 1431 1983 adorti,
1454 1927 1765 1972 intercidisse.
1806 1950 1877 1958 —-

53 1998 125 2051 45,
147 1998 199 2042 17
219 1998 282 2039 ita
303 1997 343 2040 N
357 2008 367 2040 :
405 2010 496 2040 om.
522 1996 615 2042 ΒΟ.
641 2022 710 2029 ——
728 2001 799 2053 45,
820 2002 878 2044 28
898 2002 940 2041 el
957 1999 1131 2042 iniustis
1151 1998 1251 2042 BN:
1272 2003 1314 2042 et
1334 1999 1493 2042 inuisis
1520 2012 1650 2055 susp.
1681 1997 1874 2041 Momm-

55 2065 230 2110 senius.
253 2089 322 2095 —
347 2069 418 2120 45,
451 2069 511 2113 34
532 2066 741 2125 quodque
760 2092 828 2099 —-
858 2092 926 2098 —
953 2068 1141 2122 videret]
1166 2069 1223 2111 cs.
1244 2067 1391 2111 Iahnii
1415 2068 1564 2124 praef.
1587 2082 1633 2125 p.
1657 2066 1778 2110 XIX.
1804 2088 1875 2097 —-

52 2137 122 2188 46,
153 2137 206 2181 14
228 2134 422 2180 subiecto
449 2135 755 2180 Mommsenio
776 2138 938 2198 glossa
957 2137 1154 2183 videtur.
1188 2161 1257 2168 —-
1303 2139 1373 2190 46,
1402 2141 1455 2183 15
1481 2141 1626 2180 macte
1652 2148 1749 2180 esse
1765 2134 1873 2194 for-

54 2206 267 2247 tissimam
290 2204 394 2248 BN:
430 2210 576 2249 macte
606 2210 722 2250 este!
750 2206 865 2264 fori,
894 2206 927 2250 Ο
956 2220 1015 2250 ex
1040 2207 1158 2250 coni.
1182 2207 1392 2263 Hauptii3
1443 2220 1532 2264 ego
1559 2217 1658 2250 esse
1684 2206 1875 2249 Momm-

54 2274 184 2317 senio
206 2279 392 2317 auctore
422 2275 602 2319 uncinis
629 2276 937 2320 circumclusi.
958 2300 1028 2307 —-
1063 2279 1145 2330 46,
1189 2281 1244 2323 21
1286 2277 1342 2320 de
1367 2276 1683 2333 pauperrimis
1707 2275 1770 2318 B:
1820 2274 1876 2318 de

45 2342 330 2400 pauperibus
355 2343 454 2388 ΝΟ.
476 2369 546 2375 -—
580 2347 651 2399 46,
672 2350 728 2392 25
742 2347 806 2390 ita
831 2347 975 2403 maqis
995 2345 1173 2390 turbida
1194 2350 1237 2389 el
1255 2344 1415 2404 foeda,
1438 2346 1554 2392 velut
1572 2343 1876 2388 crescentibus

51 2412 425 2470 Bezzenbergus.
448 2437 516 2469 ,—
535 2416 606 2467 46,
629 2418 685 2461 32
704 2417 871 2473 quippe
890 2415 1048 2473 quibus
1075 2428 1178 2460 cum
1202 2414 1486 2473 quurthinis
1504 2439 1559 2446 ——
1596 2439 1652 2444 —
1684 2414 1871 2456 miscue-

49 2483 112 2525 ril
135 2483 258 2536 (scil.
278 2484 479 2540 populus
500 2483 657 2539 Rom.)
678 2485 741 2528 H:
781 2486 948 2544 quippe
972 2486 1050 2543 qui
1072 2486 1197 2542 (scil.
1238 2486 1368 2538 anni)
1389 2483 1671 2543 Iugurthinis
1697 2507 1768 2513 —-
1803 2505 1874 2512 —

51 2552 315 2595 miscuerint
337 2552 433 2608 ΝΟ,
456 2554 624 2611 quippe
647 2556 727 2612 qui
742 2555 1016 2613 iuqurlhinis
1035 2579 1104 2586 -—
1134 2581 1191 2587 —
1218 2556 1449 2600 miscuerit
1474 2554 1536 2607 B,
1565 2552 1652 2596 sed
1673 2557 1743 2595 est
1768 2555 1874 2607 post

49 2622 219 2679 quippe
246 2623 524 2667 vocabulum
558 2624 758 2681 quinque
793 2639 938 2670 sexve
979 2626 1232 2671 litterarum
1270 2638 1477 2679 erasum,
1523 2623 1653 2666 cuius
1692 2621 1871 2678 primae

52 2690 228 2734 litterae
250 2706 310 2750 qu
337 2697 380 2736 et
409 2698 615 2737 extrema
635 2706 659 2737 s
685 2694 821 2739 etiam
858 2709 980 2739 nunc
1018 2695 1300 2753 conspicuae
1338 2698 1469 2747 sunt;
1511 2691 1636 2750 quod
1668 2690 1874 2747 sequitur

51 2765 159 2816 post
186 2773 396 2806 rasuram
422 2777 527 2811 voe.
546 2765 646 2821 qui,
674 2765 825 2821 ipsum
846 2779 1030 2823 quoque
1062 2766 1107 2809 in
1130 2767 1231 2810 loco
1262 2777 1395 2808 eraso
1437 2767 1480 2806 et
1506 2775 1645 2806 manu
1666 2759 1873 2806 secunda

54 2829 272 2886 scriptum
325 2838 408 2876 est.
484 2833 770 2891 Paulo.post
807 2838 993 2880 auctore
1029 2835 1333 2880 Mommsenio
1373 2837 1478 2889 post
1514 2831 1637 2875 bellis
1686 2831 1871 2888 signum

53 2897 247 2943 lacunae
279 2903 442 2964 posui,
483 2916 587 2946 cum
618 2917 677 2947 ex
698 2904 824 2960 loco,
859 2918 995 2962 quem
1024 2903 1146 2949 bellis
1172 2904 1368 2955 obtinet,
1414 2901 1650 2959 probabile
1684 2901 1741 2944 sit
1770 2912 1873 2943 son-
