2020 3168
749 202 793 270 1,
819 206 842 254 1
873 201 1086 275 [3—71.
1527 195 1533 198 ’
1729 212 1762 260 7

96 343 571 419 que-elegantiam3
601 342 728 412 quip
767 359 797 394 e
816 342 910 412 qui
927 340 1185 395 oriundus
1208 341 1468 396 Corintho
1489 343 1759 397 Graecum

95 413 374 484 ingenium
393 410 599 464 Italicis
628 411 732 463 arti
768 427 833 463 us
852 411 1171 463 miscuisset.
1220 411 1311 464 hic
1340 419 1393 465 et
1410 419 1626 465 senatus
1650 431 1758 465 ma-
1778 426 1808 465 2

95 485 342 537 iestatem
374 497 598 534 numero
646 479 948 561 ampliavit,
996 486 1050 532 et
1096 482 1351 534 centuriis
1396 480 1570 534 tribus
1607 484 1761 536 auxit

96 570 126 605 e
163 553 318 617 uites,
339 556 601 621 quatenus
624 549 807 601 Attius
821 547 1029 605 Navius
1057 567 1340 604 numerum
1366 552 1555 621 augeri
1580 551 1758 622 prohi-

37 642 61 676 ε
93 570 273 687 δὲὶιατ,
291 620 377 671 vir
396 635 632 670 summus
652 618 896 687 augurio.
944 636 1102 689 quem
1119 637 1220 672 rex
1245 621 1303 672 in
1332 620 1758 690 experimentum
1776 637 1805 678 3

92 689 323 759 rogavit,
342 686 531 738 fierine
548 693 747 755 posset,
778 686 924 756 quod
940 688 1056 756 ipse
1085 695 1266 741 mente
1283 696 1619 769 conceperat.
1663 689 1756 742 ille
1773 706 1802 746 4

42 805 47 808 .
91 776 208 811 rem
225 762 480 826 expertus
498 755 741 823 augmi0,
771 771 932 823 posse
959 755 1256 824 respondit.
1295 763 1371 809 ‘at
1407 757 1642 809 umhoc’
1679 759 1758 810 in-

93 828 210 899 quit
238 824 522 894 ‘agitaram
530 861 546 890 ,
594 829 768 876 cotem
795 822 944 874 illam
973 824 1146 875 secari
1173 775 1440 877 novaciffa
1466 842 1627 895 posse
1641 832 1677 892 ς’
1706 832 1761 877 et

19 899 22 902 ’
93 912 266 965 augur
285 899 482 965 ‘potest
501 898 651 961 ergo’
672 891 861 962 inquit,
882 899 936 944 et
954 893 1139 945 secuit.
1182 893 1309 946 inde
1327 893 1584 947 Romanis
1606 910 1760 946 sacer
1778 903 1804 944 5

37 982 80 1016 ιο
94 971 404 1034 auguratus.
434 974 609 1032 neque
625 971 760 1031 pace
771 959 1098 1032 Tarquinius
1121 979 1280 1032 quam
1289 962 1433 1016 bello
1481 963 1757 1033 romptior.

91 1033 376 1087 duodecim
404 1047 531 1083 nam
567 1048 636 1083 ue
667 1029 900 1083 Tusciae
926 1031 1153 1101 populos
1190 1032 1463 1104 frequent1
1501 1051 1565 1085 us
1596 1033 1759 1084 armis

91 1102 223 1156 sube
264 1104 322 1155 it.
386 1100 514 1153 inde
567 1114 736 1166 asoeS,
762 1099 999 1167 trabeae,
1031 1100 1262 1167 curules,
1294 1102 1457 1169 anuli,
1486 1101 1757 1172 phalerae,
1775 1118 1803 1158 6

90 1172 218 1242 palu
256 1177 484 1236 amenta,
512 1175 842 1240 praetextae,
872 1169 1000 1221 inde
1029 1169 1174 1250 quod
1206 1187 1370 1223 aureo
1401 1188 1576 1238 curru,
1642 1178 1756 1223 uat-

89 1251 213 1294 tuor
245 1241 397 1311 equis
424 1237 799 1309 triumphatur,
827 1246 987 1307 togae
1013 1245 1189 1308 p1ctae
1216 1240 1536 1321 tunicaeque
1553 1257 1625 1310 pa
1647 1257 1755 1291 ma-

34 1333 76 1366 15
90 1318 193 1375 tae,
215 1310 395 1362 omnia
412 1307 643 1377 denique
662 1307 859 1359 decora
877 1314 930 1358 et
947 1308 1198 1376 insignia,
1234 1308 1427 1380 quibus
1447 1310 1659 1379 1mperii
1680 1309 1757 1361 di-

91 1380 267 1448 gnitas
287 1377 502 1440 eminet,
528 1382 740 1445 sumpta
758 1382 899 1427 sunt.
1215 1379 1220 1384 '

233 1445 454 1499 Servius
473 1443 685 1520 Tullius
705 1443 959 1513 deinceps
978 1444 1346 1513 gubernacula
1362 1446 1511 1499 urbis
1530 1447 1756 1514 invadit,
1768 1451 1803 1501 6

91 1534 192 1569 nec
220 1515 519 1570 obscuritas
551 1511 785 1566 inhibuit
822 1514 1066 1584 quamvis
1102 1521 1273 1566 matre
1309 1532 1468 1566 serva
1502 1523 1756 1567 creatum.

92 1604 218 1638 nam
228 1585 483 1639 eximiam
492 1582 731 1636 indolem
738 1600 878 1636 uxor
890 1582 1173 1653 Tarquinii
1183 1582 1449 1654 Tanaquil
1466 1583 1762 1636 liberaliter

35 1671 80 1706 20
96 1656 434 1721 educaverat,
466 1660 520 1706 et
551 1651 757 1704 clarum
782 1652 900 1705 fore
929 1653 1050 1704 visa
1068 1653 1212 1704 circa
1230 1660 1390 1723 caput
1407 1652 1622 1706 flamma
1639 1670 1761 1722 pro-

92 1726 330 1777 miserat.
378 1740 507 1792 ergo
537 1722 680 1774 inter
700 1721 982 1792 Tarquinii
1010 1729 1238 1774 mortem
1265 1722 1540 1775 adnitente
1570 1723 1760 1791 regina
1775 1730 1803 1769 2

95 1794 412 1846 substitutus
431 1791 685 1845 inlocum
700 1792 845 1860 regis
876 1792 1031 1862 quasi
1057 1792 1115 1844 in
1130 1799 1357 1862 tempus,
1388 1810 1617 1861 regnum
1636 1791 1759 1844 dolo

132 1871 307 1915 artum
326 1863 405 1914 sic
425 1861 537 1930 egit
553 1859 832 1927 industrie,
860 1868 920 1912 ut
947 1862 1062 1913 iure
1093 1861 1318 1932 adeptus
1345 1861 1638 1914 videretur.
1689 1860 1758 1913 ab
1775 1872 1802 1914 3

93 1883 198 1985 Boc
232 1930 462 2002 populus
496 1929 770 1981 Romanus
807 1929 1007 1981 relatus
1043 1931 1102 1982 in
1138 1949 1383 1998 censum,
1422 1930 1664 1999 digestus
1704 1931 1763 1982 in

35 2026 81 2057 25
99 2002 315 2067 classes,
346 1999 578 2052 decuriis
606 1998 782 2068 adque
812 1998 1055 2067 collegiis
1086 1999 1420 2067 distributuS,
1449 2017 1760 2069 summaque

94 2072 239 2140 regis
260 2068 501 2122 sollertia
529 2068 606 2119 ita
628 2074 711 2119 est
737 2067 984 2120 ordinata
1001 2085 1087 2120 res
1118 2069 1360 2138 publica,
1391 2076 1450 2121 ut
1471 2071 1649 2122 omnia
1668 2086 1761 2138 pa-

93 2139 347 2206 trimonii,
379 2138 674 2207 dignitatis,
703 2137 910 2204 aetatis,
938 2138 1134 2189 artium
1153 2138 1558 2208 officiorumque
1575 2138 1759 2190 discri-

94 2210 243 2261 mina
269 2209 328 2260 in
350 2205 562 2260 tabulas
583 2206 941 2273 referrentur,
963 2224 1027 2258 ac
1046 2207 1124 2258 sic
1141 2209 1378 2259 maxima
1397 2208 1586 2259 civitas
1605 2207 1761 2258 mini-

95 2295 215 2330 mae
236 2277 422 2330 domus
445 2276 727 2346 diligentia
744 2277 1122 2329 contineretur.

38 2357 82 2389 3⁰
235 2346 545 2400 Postremus
564 2345 668 2398 suit
686 2347 923 2399 omnium
940 2363 1130 2415 regum
1153 2345 1495 2416 Tarquinius,
1529 2345 1616 2397 cui
1634 2362 1757 2414 cog·
1771 2343 1802 2396 7

94 2434 291 2470 nomen
315 2413 557 2485 Superbo
585 2433 657 2467 ex
672 2415 911 2469 moribus
940 2415 1139 2468 datum.
1178 2415 1267 2467 hic
1294 2432 1522 2484 regnum
1539 2415 1757 2480 avitum,
1777 2426 1805 2465 2

97 2485 242 2557 quod
264 2502 297 2536 a
317 2483 505 2537 Servio
522 2484 819 2553 tenebatur,
847 2503 1037 2555 rapere
1064 2485 1253 2537 maluit
1282 2502 1440 2555 quam
1459 2491 1759 2554 expectare,

96 2556 381 2625 missisque
405 2555 463 2606 in
488 2571 609 2605 eum
633 2554 1039 2634 percussoribus
1070 2554 1272 2607 scelere
1302 2561 1511 2624 partam
1527 2559 1759 2623 potesta·

97 2632 207 2676 tem
225 2642 335 2677 non
353 2622 543 2675 melius
565 2630 676 2691 eglt
706 2642 865 2695 quam
884 2625 1266 2695 adquisiverat.
1313 2642 1413 2676 nee
1434 2621 1803 2676 abhorrebat3

46 2715 89 2750 ³5
104 2692 343 2747 moribus
370 2710 510 2745 uxor
539 2691 732 2760 Tullia,
771 2712 931 2765 quae,
968 2701 1028 2745 ut
1064 2694 1240 2745 virum
1276 2711 1460 2763 regem
1487 2692 1758 2757 salutaret,

101 2780 264 2833 supra
313 2769 594 2815 cruentum
639 2770 847 2830 patrem
890 2770 1048 2816 vecta
1093 2771 1345 2832 carpento
1389 2766 1757 2815 consternatos

101 2849 267 2902 equos
294 2833 493 2901 exegit.
544 2837 624 2883 set
653 2831 769 2913 ipse
795 2835 853 2885 in
883 2840 1128 2886 senatum
1158 2830 1428 2898 caedibus,
1459 2833 1517 2883 in
1544 2828 1801 2900 plebem4

99 2899 432 2968 verberibuS,
461 2902 519 2953 in
543 2918 714 2954 omms
744 2902 1010 2973 superbia,
1043 2918 1178 2971 quae
1207 2900 1520 2954 crudelitate
1539 2899 1761 2969 gravior
