2020 3168
621 181 664 248 I,
682 179 1292 252 31—-33[11,15-17].
1716 183 1783 234 43

118 337 287 372 unum
297 319 535 389 undique
553 318 756 373 bellum
772 318 902 385 fuit3
920 334 1142 388 prorsus
1152 324 1212 369 ut
1230 316 1495 369 scintillae
1508 318 1663 387 quasi
1745 319 1786 370 i-

118 387 357 441 tanfibus
387 388 566 441 ventis
606 387 887 443 diffudisse
916 386 1183 457 quaedam
1218 384 1352 439 belli
1377 385 1628 438 incendia
1656 403 1716 437 or
1758 404 1786 438 e

117 463 230 510 toto
248 456 580 511 viderentur.

257 525 556 596 Hispaniae
574 541 868 596 numquam
884 524 1095 576 animus
1115 523 1219 576 fuit
1247 522 1538 577 adversum
1553 540 1652 576 nos
1670 523 1787 575 uni·
1806 542 1832 583 3

80 616 102 648 5
120 611 311 648 versae
329 611 680 662 consurgere,
707 610 1000 663 numquam
1017 592 1264 649 conferre
1283 593 1430 645 vires
1458 610 1585 647 suas
1610 590 1785 658 libuit,

121 683 158 716 n
227 681 296 716 ue
322 670 416 715 aut
444 663 731 732 imperium
757 680 827 715 ex
867 662 993 714 eriri
1021 669 1115 714 aut
1147 661 1452 716 libertatem
1476 662 1617 715 tueri
1636 678 1789 712 suam

119 682 352 802 pffilioe.
401 730 642 801 alioquin
663 732 741 782 ita
754 749 830 785 un
874 731 994 809 'que
1021 731 1160 783 mari
1179 730 1567 799 Pyrenaeoque
1587 730 1789 782 vallata

121 807 225 866 est,
253 806 314 852 ut
340 800 559 869 ingenio
591 799 725 851 situs
753 816 822 850 ne
842 798 982 850 adiri
1005 797 1222 868 quidem
1238 798 1489 868 potuerit.
1539 798 1636 851 sed
1663 804 1787 850 ante
1806 810 1833 849 4

119 887 153 920 a
169 868 429 922 Romanis
454 869 678 922 obsessa
697 874 779 921 est
798 884 960 938 quam
979 883 1036 918 se
1054 867 1175 937 ipsa
1193 872 1570 936 cognosceret,
1603 873 1656 919 et
1676 866 1790 920 sola

66 956 107 989 ιο
124 938 359 991 omnium
381 938 782 1007 provinciarum
809 936 955 988 vires
985 953 1110 988 suas
1137 943 1421 1007 postquam
1447 936 1594 987 victa
1610 943 1690 988 est
1710 938 1787 987 in-

117 1005 344 1061 tellexit.
407 1007 468 1059 in
501 1005 604 1060 hae
633 1022 801 1077 prope
835 1005 1093 1059 ducentos
1138 1023 1237 1076 per
1272 1022 1441 1057 annos
1481 1004 1787 1058 dimicatum
1806 1022 1832 1061 5

117 1083 198 1128 est
215 1092 250 1127 a
265 1076 452 1145 primis
474 1073 816 1145 Scipionibus
834 1075 892 1126 in
909 1075 1142 1144 primum
1163 1073 1452 1128 Caesarem
1469 1074 1789 1144 Augustum,

117 1162 227 1197 non
253 1145 506 1198 continuo
542 1162 643 1198 nec
678 1143 1042 1209 cohaerenter,
1082 1143 1179 1196 sed
1244 1150 1365 1196 rout
1393 1161 1586 1202 causae
1623 1142 1790 1195 laces-

118 1215 335 1281 sierant,
372 1231 475 1267 nec
499 1231 621 1267 cum
636 1213 895 1294 Hispanis
915 1213 1084 1279 initio,
1122 1230 1179 1266 se
1253 1230 1375 1266 cum
1391 1212 1589 1266 Poenis
1618 1213 1678 1264 in
1694 1212 1790 1264 Hi-

64 1301 104 1333 15
122 1284 326 1352 spania.
374 1282 501 1338 inde
538 1289 844 1352 contagium
878 1299 942 1334 ac
977 1283 1143 1336 series
1180 1299 1372 1336 causae
1410 1299 1478 1335 ue
1507 1281 1788 1335 bellorum.

261 1351 446 1404 Prima
480 1369 578 1421 per
614 1351 954 1421 Pyrenaeum
995 1352 1186 1420 'iugum
1220 1352 1376 1420 signa
1461 1368 1652 1404 omana
1685 1349 1830 1407 Pu-6

119 1419 268 1473 blius
305 1426 359 1472 et
388 1419 574 1472 Gneus
604 1418 883 1490 Scipiones
920 1419 1216 1472 intulerunt
1250 1419 1578 1490 proeliisque
1607 1422 1793 1489 ingen-

126 1489 270 1543 tibus
304 1488 594 1543 Annonem
629 1495 682 1542 et
716 1487 1117 1541 Hasdrubalem
1152 1489 1350 1541 fratres
1385 1487 1673 1542 Annibalis
1711 1505 1793 1540 ce·

126 1558 398 1626 ciderunt3
426 1565 686 1629 raptaque
708 1566 824 1611 erat
849 1560 1052 1628 impetu
1069 1557 1171 1610 His
1211 1559 1350 1624 ania,
1380 1559 1487 1609 nisi
1513 1556 1795 1610 fortissimi

59 1647 102 1680 20
126 1627 232 1680 viri
267 1628 326 1679 in
360 1628 478 1698 ipsa
513 1628 741 1681 victoria
779 1645 876 1680 sua
911 1628 1153 1698 oppressi
1234 1628 1394 1679 unica
1430 1625 1622 1679 fraude
1658 1627 1792 1679 ceci-

123 1697 345 1763 dissent,
374 1704 523 1749 terra
549 1697 791 1767 marique
822 1698 1073 1750 victores.
1110 1697 1277 1766 igitur
1305 1697 1460 1767 quasi
1489 1713 1686 1748 novam
1710 1696 1788 1747 in·
1808 1713 1832 1751 7

119 1773 331 1834 tegram
369 1783 437 1818 ue
467 1767 800 1835 provinciam
826 1766 968 1820 ultor
994 1766 1164 1835 patris
1201 1773 1254 1819 et
1278 1767 1457 1835 patrui
1489 1763 1578 1818 Sci
1618 1766 1668 1818 io
1698 1763 1789 1816 ille

118 1852 249 1889 mox
284 1834 336 1887 A
362 1835 578 1886 ricanus
610 1837 825 1902 invasit,
862 1837 1014 1905 isque
1053 1836 1233 1887 statim
1270 1842 1426 1904 capta
1464 1833 1593 1887 Cart
1632 1835 1790 1903 agine

120 1910 172 1955 et
208 1903 331 1955 aliis
366 1903 616 1970 urbibuS,
654 1921 763 1957 non
802 1910 1083 1957 contentus
1118 1904 1331 1957 Poenos
1369 1903 1665 1974 expulisse,
1701 1903 1790 1954 sti-

60 1972 458 2042 25pendiaria'm
487 1972 642 2025 nobis
670 1974 1006 2043 provinciam
1041 1973 1195 2040 fecit,
1234 1990 1417 2027 omnes
1456 1974 1590 2036 citra
1627 1972 1790 2024 ultra-

120 2059 223 2162 que
250 2040 516 2093 Hiberum
553 2042 780 2095 subiecit
815 2042 1054 2112 imperiO,
1088 2042 1398 2112 primusque
1426 2041 1791 2094 Romanorum

155 2127 313 2163 ucum
347 2111 522 2163 victor
567 2111 638 2163 ad
675 2111 856 2164 Gades
894 2118 946 2163 et
980 2110 1183 2164 Oceani
1221 2128 1316 2164 ora
1349 2112 1612 2180 pervenit.
1666 2109 1787 2180 plus

119 2187 200 2231 est
228 2180 563 2248 provinciam
589 2181 823 2232 retinere
851 2197 1012 2251 quam
1040 2179 1237 2232 facere.
1274 2181 1455 2249 itaque
1484 2197 1581 2250 per
1608 2187 1790 2249 partes
1808 2196 1835 2237 8

117 2248 226 2299 iam
253 2247 372 2314 huc,
412 2250 520 2300 iam
547 2248 676 2302 illuc
713 2250 866 2302 missi
902 2249 1083 2316 duceS,
1120 2250 1212 2319 qui
1245 2248 1611 2301 ferocissimas
1650 2256 1702 2300 et
1733 2248 1792 2299 in

60 2340 104 2374 30
119 2316 176 2368 id
204 2323 414 2386 tempus
444 2317 642 2372 liberas
672 2327 861 2388 gentes
889 2318 1118 2388 ideoque
1148 2319 1471 2388 inpatientes
1491 2318 1607 2386 iugi
1623 2315 1792 2369 multo

119 2384 305 2437 labore
341 2403 443 2438 nec
477 2387 770 2441 incruentis
810 2386 1191 2441 certaminibus
1230 2388 1435 2440 servire
1479 2386 1791 2439 docuerunt.

122 2453 255 2508 Cato
295 2453 388 2506 ille
423 2459 697 2509 censorius
730 2456 1046 2524 CeltiberOS,
1086 2457 1144 2509 id
1171 2463 1251 2509 est
1291 2455 1456 2509 robur
1475 2455 1579 2509 His
1620 2455 1836 2520 aniae,9

118 2523 193 2573 ali
231 2530 327 2576 uot
346 2524 565 2593 proeliis
585 2524 764 2595 fregit.
807 2525 1100 2592 GracchuS,
1122 2533 1276 2595 pater
1295 2525 1388 2577 ille
1409 2525 1583 2577 Gracc
1625 2542 1789 2589 orum,

119 2609 208 2643 eos
254 2609 338 2643 em
367 2600 581 2645 centum
610 2601 662 2645 et
690 2595 1079 2675 quinquaginta
1108 2594 1324 2646 urbium
1354 2595 1631 2646 eversione
1661 2591 1792 2644 mul-

59 2680 103 2714 35
116 2661 271 2713 tavit.
331 2660 583 2714 Metellus
622 2661 729 2728 ille,
768 2681 861 2733 qui
895 2682 966 2716 ex
998 2663 1321 2717 Macedonia
1357 2680 1653 2731 cognomen
1682 2678 1789 2712 me·
1810 2676 1865 2718 10

117 2736 317 2795 ruerat,
357 2737 410 2782 et
442 2729 798 2783 Celtibericus
826 2731 944 2784 fieri
974 2734 1187 2799 meruit,
1218 2750 1339 2784 cum
1368 2738 1420 2783 et
1449 2730 1795 2785 Contrebiam

115 2798 460 2851 memorabili
507 2801 738 2869 cepisset
789 2801 1034 2870 exemplo
1092 2809 1145 2853 et
1186 2799 1544 2868 Nertobrigae
1591 2799 1794 2852 maiore

116 2865 292 2934 gloria
320 2870 667 2938 pepercisset.
716 2868 975 2921 Lucullus
1006 2869 1274 2922 Turdulos
1317 2876 1476 2938 atque
1504 2869 1793 2936 Vaccaeos,
1814 2875 1864 2916 11
