2020 3168
220 145 292 196 26
551 188 554 191 Α
844 154 1002 194 chn
1037 156 1280 194 AMPELII

203 281 422 334 'Bareas
458 282 863 351 cognominatus
901 287 997 347 est,
1029 281 1201 350 primo
1222 280 1427 333 Punico
1464 279 1607 351 bello
1640 301 1904 353 magnam.

259 359 427 403 artem
462 351 761 421 Hispaniae
795 348 895 401 sub
931 350 1215 419 imperium
1248 349 1774 419 Carthaginiensium
1810 372 1892 406 re-

262 438 290 472 e
330 422 371 472 it
393 421 595 473 relictis
617 419 742 471 filiis
768 425 1044 489 quattuor,
1079 418 1413 486 Asdrubale,
1450 419 1744 488 Annibale,
1779 421 1892 474 Ha-

174 490 296 540 3mi
320 508 442 542 care
480 497 532 541 et
565 489 817 557 Magone.
891 486 1191 554 Asdrubal,
1242 487 1413 540 frater
1438 488 1727 542 Annibalis
1737 530 1751 555 ,
1800 491 1893 562 qui

220 559 456 611 secundo
480 558 687 611 Punico
723 556 867 609 bello
891 574 1012 608 cum
1046 556 1357 624 ingentibus
1394 559 1562 628 copiis
1600 559 1669 611 ab
1692 558 1796 611 His
1837 577 1892 611 a-
1920 570 1944 603 5

149 674 160 679 ,
217 629 310 679 nia
328 629 579 694 veniens,
615 633 904 695 antequam
927 643 985 677 se
1010 625 1166 678 fratri
1197 627 1565 696 coniungeret,
1602 645 1635 680 a
1662 627 1799 682 Clau
1841 630 1890 681 ‘o

215 695 434 750 Nerone
474 695 805 767 exspoliatus
844 701 940 747 est.

523 821 826 874 XXXVII.
901 821 1147 875 REGES
1183 821 1582 875 NVMIDIAE.

358 936 606 1007 Syphax,
644 952 803 1005 quem
836 932 1016 1004 Scipio
1047 935 1343 987 Africanus
1380 937 1583 987 victum
1611 937 1671 987 in
1702 938 1888 989 trium-

211 1005 380 1076 phum
411 1006 579 1057 traxit
614 1021 889 1072 regnoque
927 1004 1040 1054 eius
1076 1004 1150 1054 im
1191 1004 1331 1055 osuit
1353 1003 1715 1056 Masinissam.
1771 1006 1886 1058 Ma·
1902 1027 1946 1061 ιο

211 1076 412 1127 sinissa
456 1092 580 1140 rex,
629 1073 721 1143 qui
756 1069 1063 1142 Scipionem
1106 1089 1138 1123 a
1177 1090 1367 1125 versus
1408 1072 1794 1142 Carthaginem
1837 1081 1892 1128 et

215 1143 291 1214 Sy
329 1144 519 1195 hacem
556 1160 585 1194 e
623 1143 796 1193 uitatu
831 1140 1066 1193 adiuvit:
1104 1141 1173 1193 ab
1213 1160 1274 1194 eo
1311 1142 1452 1194 inter
1510 1144 1713 1195 raemia
1750 1162 1890 1197 com-

210 1163 391 1265 mifitii
435 1211 599 1264 Numi
639 1212 724 1262 iae
766 1228 935 1279 regno
987 1210 1215 1262 donatus
1262 1218 1359 1262 est.
1480 1212 1738 1281 ugurtha,
1798 1214 1892 1284 qui

213 1284 443 1352 scriptus
482 1288 578 1333 est.

432 1421 763 1475 XXXVIII.
838 1421 1084 1475 REGES
1117 1422 1665 1476 MAVRITANIAE.
1904 1443 1948 1478 15

353 1537 492 1590 Iuba
527 1555 640 1604 rex,
676 1538 768 1607 qui
800 1536 1091 1590 Curionem
1124 1536 1362 1605 legatum
1386 1536 1634 1589 Caesaris
1673 1555 1888 1607 oppres-

211 1608 307 1675 sit3
354 1624 483 1659 mox
523 1608 698 1659 occiso
745 1606 1001 1677 Pompeio
1038 1605 1258 1659 Catonis
1305 1613 1356 1658 et
1393 1604 1661 1676 Scipionis
1706 1615 1887 1676 partes

210 1676 426 1728 firmare
476 1683 728 1743 conatUS,
783 1694 905 1728 cum
947 1695 1005 1728 se
1051 1677 1108 1727 in
1148 1677 1355 1744 regiam
1399 1676 1719 1745 recepisset,
1766 1685 1890 1747 post

208 1746 554 1817 magnificam
589 1763 776 1797 cenam
803 1745 1233 1798 interficiendum
1266 1763 1323 1796 se
1362 1744 1525 1796 dedit.
1600 1745 1751 1813 Iuba,
1789 1764 1889 1799 rex

212 1816 630 1867 litteratissimus
641 1855 655 1881 ,
693 1816 785 1885 qui
819 1813 1066 1867 Caesaris
1089 1814 1327 1882 Augusti
1359 1815 1511 1866 iussu
1544 1817 1795 1883 regnavit
1833 1823 1885 1867 et
1900 1841 1943 1873 20

213 1884 802 1954 magnificentissimam
836 1882 1027 1935 urbem
1063 1882 1387 1944 Caesaream
1425 1883 1682 1936 condidit.

213 2008 491 2063 XXXIX.
550 2010 682 2077 QVI
710 2008 1105 2063 ADVERSVS
1134 2009 1493 2062 POPVLVM
1518 2009 1887 2062 ROMANVN

692 2091 908 2144 ARMA
943 2089 1402 2145 SVMSERVNT.

171 2224 192 2263 1
355 2206 543 2258 Tatius
582 2225 682 2259 rex
712 2206 1055 2274 Sabinorum,
1095 2208 1187 2277 qui
1223 2212 1480 2276 occupata
1512 2221 1635 2257 arce
1655 2204 1888 2274 Tarpeia

213 2277 270 2326 in
307 2276 424 2344 ipso
461 2275 577 2328 foro
615 2295 735 2327 cum
766 2277 991 2329 Romulo
1030 2277 1325 2329 decertavit
1362 2282 1413 2326 et
1447 2276 1756 2326 interventu
1789 2273 1881 2326 Sa·
1900 2296 1943 2328 25

170 2344 469 2399 2binarum
503 2363 692 2415 pacem
737 2364 858 2398 cum
891 2346 1119 2398 Romulo
1157 2346 1292 2396 fixit.
1367 2344 1566 2396 Mettus
1603 2342 1884 2410 FuffetiuS,

214 2432 312 2465 rex
358 2414 721 2482 Albanorum,
807 2417 863 2467 ui
906 2423 1092 2468 contra
1129 2415 1319 2466 foedus
1365 2414 1435 2466 ad
1470 2413 1748 2465 Fidenatis
1797 2413 1886 2463 de-

216 2484 374 2534 scivit
422 2490 473 2534 et
520 2485 671 2536 iussu
705 2485 851 2537 Tuli
885 2484 1108 2536 Hostilii
1154 2484 1419 2552 deligatus
1469 2482 1538 2534 ad
1573 2500 1788 2533 currum
1834 2489 1886 2533 ct

171 2553 273 2603 3in
311 2552 527 2604 diversa
573 2555 706 2606 actis
756 2555 907 2624 equis
951 2554 1215 2606 laceratus
1268 2561 1363 2604 est.
1438 2552 1740 2618 Porsenna,
1787 2568 1887 2602 rex

215 2621 591 2690 Etruscorum,
643 2625 733 2693 qui
767 2623 1038 2676 Romanos
1075 2624 1144 2676 ad
1179 2622 1477 2675 Ianiculum
1515 2620 1726 2673 obsedit
1759 2635 1942 2689 pro-30

215 2697 334 2759 pter
373 2710 439 2743 ue
475 2691 798 2762 Tarquinios
836 2693 942 2723 *²³⁶*

167 2767 201 2804 4
338 2710 649 2829 qPiridates,
701 2763 793 2833 qui
827 2780 860 2814 a
897 2762 1203 2815 Corbulone
1239 2760 1508 2816 consulari
1552 2760 1669 2811 viro
1707 2758 1882 2810 victus

218 2834 271 2879 et
304 2830 579 2883 restitutus
618 2838 715 2884 est.
