2020 3168
827 236 1173 276 PRAEFATIO.
1214 220 1218 223 ’
1838 237 1905 275 1x

85 372 235 420 prope
265 352 288 424 Η
325 360 383 406 27
418 362 530 403 totos
564 350 587 421 Η
621 360 680 404 28
714 356 996 401 dominantes
1030 354 1068 398 E
1106 346 1129 418 Η
1160 353 1507 413 quadrayimum
1531 344 1554 416 Η
1578 356 1635 399 32
1658 354 1835 399 necavit
1855 346 1880 417 Η

13 467 15 471 ¹
88 433 147 479 36
175 429 373 555 dmltgiug
394 419 641 540 lllMenenius
663 493 726 538 D:
765 503 929 538 manus
954 490 989 537 Ο
1011 484 1034 555 Η
1059 494 1088 536 4
1110 502 1277 536 caesar
1312 484 1335 554 Η
1366 494 1396 537 8
1419 489 1607 534 haberet
1625 491 1768 534 noluit
1791 503 1905 548 pas-

85 578 168 612 sus
190 564 380 610 tribunis
406 563 466 609 C:
507 565 565 609 cs.
585 563 701 607 Aur.
723 562 843 607 Vict.
872 561 930 605 de
949 561 1008 606 V.
1035 561 1105 606 111.
1131 574 1174 604 c.
1199 561 1280 607 57:
1323 560 1339 584 ²
1358 558 1622 616 Scipionem
1646 559 1905 604 Asiaticum

19 626 22 665 Ϊ
91 634 303 694 quamvis
340 633 575 678 inimicum
610 630 717 676 duci
746 632 792 675 in
825 642 1059 675 carcerem
1090 642 1182 673 non
1218 634 1289 672 est
1314 627 1520 686 passus.’
1557 620 1580 692 Η
1614 630 1644 676 9
1667 641 1754 687 quo
1782 629 1903 674 dice-

88 708 160 749 ret
196 697 219 768 Η
255 706 310 750 13
336 702 586 748 Callaecius
612 699 683 745 GE
716 693 739 761 Η
776 699 823 746 C.
858 698 1117 744 Gracchum
1143 697 1208 742 H:
1243 696 1494 756 yracchum
1521 695 1554 741 Ο
1585 689 1609 760 Η
1644 699 1818 755 ayratis
1841 699 1905 742 le·

84 772 215 832 92bus
241 773 431 829 iptatum
455 763 478 834 Η
505 772 558 816 19
574 769 738 826 populi
758 769 960 813 Romani
976 768 1041 812 D:
1072 780 1165 825 pro
1187 765 1244 821 C;
1270 779 1360 824 pro
1389 778 1440 810 eo
1461 766 1498 810 E
1523 759 1546 830 Η
1569 770 1628 812 24
1652 770 1720 810 est
1746 771 1792 810 et
1812 767 1903 811 W:

89 847 157 888 est
189 840 222 886 Ο
248 834 270 903 Η
292 843 349 886 25
374 838 600 883 nocenteis
620 838 657 882 E
684 831 707 902 Η
740 839 797 885 27
825 838 1162 881 disertissimus.
1189 836 1297 881 Cato
1321 835 1553 879 Halmius:
1580 835 1905 880 disertissimus

87 911 212 958 Cato.
239 910 346 956 Cato
374 906 446 952 ΟΕ
484 902 507 969 Η
538 909 595 953 29
618 907 882 964 superstites
904 917 1003 949 esse
1038 901 1060 969 Η
1090 904 1161 948 rei
1181 905 1416 950 servientis
1451 896 1474 968 Η
1510 906 1567 950 31
1595 903 1813 950 Cimbrico
1838 904 1901 948 D:

86 980 260 1037 ciprico
285 977 319 1023 Ο
343 971 364 1040 Η
389 978 468 1035 qui
489 977 597 1034 quia
622 977 710 1020 W:
748 977 856 1034 quia
877 973 911 1019 Ο
934 969 955 1038 Η
980 979 1038 1023 32
1061 974 1269 1020 consules
1293 968 1315 1034 Η

235 1043 312 1106 19,
339 1053 366 1093 5
399 1058 492 1103 pro
518 1046 685 1102 populi
720 1044 922 1089 Romani
951 1045 1014 1088 D:
1053 1055 1148 1103 pro
1175 1041 1208 1087 Ο
1244 1035 1267 1107 Η
1301 1044 1326 1089 7
1358 1041 1544 1111 Ηρναίίι·
1581 1042 1806 1100 trigemini
1835 1041 1902 1086 D:

90 1116 276 1162 Oratius
296 1116 557 1174 triyeminus
582 1111 616 1157 Ο
641 1107 664 1178 Η
686 1117 716 1162 8
740 1114 797 1157 de
820 1113 884 1157 D:
913 1115 995 1172 qui
1016 1113 1073 1159 de
1103 1110 1137 1156 Ο
1160 1104 1182 1175 Η
1209 1116 1262 1158 11
1288 1112 1395 1171 quia
1421 1103 1444 1175 Η
1467 1124 1653 1155 manum
1682 1111 1770 1155 W:
1803 1125 1901 1155 ma-

88 1199 176 1231 nus
204 1184 263 1241 C;
301 1186 360 1230 el'.
388 1184 488 1228 Liv.
515 1195 615 1240 per.
639 1188 692 1230 2:
733 1183 1022 1239 ‘impositam
1060 1181 1280 1227 altaribus
1312 1179 1530 1224 manum'
1567 1173 1588 1244 Η
1623 1184 1678 1227 12
1699 1180 1838 1225 tiberii
1856 1176 1879 1244 Η

88 1261 257 1300 natans
280 1255 370 1298 W:
409 1254 618 1298 navitans
654 1251 724 1297 ΟΕ
758 1245 782 1316 Η
818 1255 872 1299 13
894 1250 1046 1309 ponos²
1076 1244 1099 1315 Η
1139 1254 1194 1298 14
1216 1255 1358 1294 morte
1381 1260 1467 1293 sua
1494 1248 1558 1294 D:
1593 1254 1767 1295 mortuo
1801 1249 1832 1294 C
1857 1245 1879 1316 Η

90 1327 343 1369 exercitum
358 1322 527 1381 populi
548 1320 750 1366 Romani
770 1321 833 1365 D:
862 1323 1067 1365 exercitu
1086 1320 1306 1378 populum
1325 1317 1584 1362 Romanum
1611 1318 1644 1364 Ο
1669 1312 1693 1383 Η
1717 1323 1771 1367 16
1795 1320 1906 1366 duo-

25 1391 27 1395 ’
88 1393 234 1438 decim
258 1385 280 1456 Η
306 1396 362 1439 18
388 1390 559 1436 Fabius
579 1391 641 1434 P:
679 1390 867 1436 Fulvius
890 1388 923 1434 C
949 1384 972 1454 Η
995 1392 1051 1437 27
1077 1389 1296 1435 Caecilius
1323 1386 1411 1431 W:
1452 1389 1587 1446 yaius
1612 1388 1671 1445 C;
1716 1391 1776 1433 cs.
1802 1390 1903 1437 Liv.

90 1476 192 1520 per.
220 1466 275 1509 19
310 1453 332 1525 Η
363 1463 422 1508 28
450 1459 683 1517 pontifex,
720 1461 799 1517 qui
826 1471 889 1503 ex
915 1460 1002 1503 W:
1030 1457 1248 1517 pontifex
1275 1456 1347 1502 ΟΕ
1384 1451 1407 1520 Η
1440 1457 1674 1503 ardentem
1700 1453 1723 1523 Η
1746 1463 1803 1507 29
1825 1473 1903 1505 oc-

89 1532 206 1576 culte
231 1524 252 1593 Η
277 1533 333 1576 31
361 1530 524 1576 Cossus
547 1527 612 1572 D:
652 1528 830 1573 Cossius
857 1525 891 1571 Ο
916 1521 939 1592 Η
962 1531 1018 1573 32
1042 1526 1184 1572 lertlze
1211 1526 1404 1571 tolumne
1429 1528 1702 1573 veniensium
1730 1530 1763 1575 C
1788 1523 1811 1592 Η

36 1651 38 1654 ,
230 1595 313 1659 20,
336 1602 366 1645 3
396 1598 576 1642 mallius
611 1588 634 1661 Η
673 1600 701 1644 6
728 1598 850 1652 cum]
878 1599 1080 1655 quicum
1104 1596 1339 1651 Halmius;
1381 1597 1437 1640 ef.
1462 1600 1614 1640 tamen
1651 1602 1721 1652 13,
1756 1603 1783 1653 g
1805 1604 1834 1648 8
1860 1592 1881 1663 ῃ

88 1671 117 1717 7
152 1668 232 1712 sub
264 1667 499 1712 Halmius:
548 1666 606 1710 ab
638 1664 709 1710 ΟΕ
744 1659 768 1730 Η
800 1669 828 1713 9
865 1666 965 1721 sub]
1000 1667 1079 1724 qui
1108 1665 1192 1711 sub
1220 1665 1429 1710 Halmius
1463 1657 1486 1729 Η
1524 1671 1575 1712 11
1614 1669 1705 1712 Aut
1737 1670 1905 1713 lemma

91 1742 357 1794 corruptum
383 1741 476 1790 est,
522 1741 599 1779 aut
631 1735 904 1780 exciderunt
925 1736 1090 1779 multa:
1140 1733 1230 1788 Qui
1250 1735 1373 1793 quod
1390 1748 1480 1792 pro
1507 1734 1729 1781 Romanis
1748 1742 1904 1796 yentes

30 1800 59 1859 γ’
89 1811 425 1863 superaverunt
449 1817 510 1849 eae
533 1817 586 1849 eo
610 1806 910 1863 cognominati
929 1810 1035 1850 sunt
1059 1805 1091 1848 P
1118 1796 1141 1867 Η
1167 1808 1219 1850 15
1247 1803 1451 1849 Calatius
1477 1799 1498 1867 Η
1524 1808 1579 1852 19
1605 1809 1814 1865 maynus]
1843 1821 1902 1851 an

90 1872 269 1919 maior?
305 1868 326 1938 Η
364 1877 422 1921 23
458 1873 608 1931 Scipio
640 1874 718 1929 **]
757 1875 970 1919 lacunam
1004 1872 1121 1920 vidit
1145 1873 1381 1929 Halmius;
1424 1875 1526 1919 sort.
1562 1875 1713 1932 Scipio
1746 1875 1903 1920 Metel-

22 1942 34 2011 }
92 1945 161 1989 lus
185 1937 207 2008 Η
232 1949 287 1991 25
314 1943 598 1989 Secessiones
612 1943 760 2001 plebis
784 1957 874 1987 om.
904 1942 938 1988 Ο
960 1937 984 2007 Η
1008 1946 1066 1990 28
1089 1955 1275 1987 sacrum
1300 1944 1364 1988 D:
1404 1958 1496 1988 om.
1523 1943 1556 1989 Ο
1580 1938 1602 2009 Η
1627 1949 1685 1992 33
1710 1950 1759 1990 ut
1782 1959 1903 1992 corr.

24 2014 30 2072 ξ
91 2012 125 2059 S
155 2014 202 2057 in
228 2012 286 2056 C:
324 2024 381 2056 ne
406 2011 460 2056 C:
498 2018 548 2057 ut
569 2024 626 2056 ne
648 2012 686 2056 E
713 2025 869 2057 errore
893 2025 1138 2070 operarum
1162 2006 1184 2074 Η
1578 2009 1580 2011 ’

26 2099 30 2104 ·
232 2077 314 2141 21,
353 2087 377 2127 1
413 2081 567 2126 seditio
604 2075 627 2144 Η
660 2082 686 2126 7
711 2083 957 2139 scipionem
983 2084 1045 2126 ita
1082 2075 1104 2145 Η
1139 2087 1170 2130 8
1193 2084 1239 2129 G.
1267 2082 1467 2128 Gracchi
1487 2084 1575 2127 W:
1616 2083 1811 2141 yracclzi
1841 2083 1902 2141 C;

28 2150 33 2165 ³
93 2152 151 2195 cs.
181 2154 250 2205 19,
277 2154 302 2203 ἕ
320 2155 350 2197 4
385 2145 407 2214 Η
442 2156 498 2198 10
522 2151 744 2197 Callaecio
772 2150 843 2195 ΟΕ
867 2147 888 2214 Η
916 2157 970 2198 11
999 2151 1188 2196 advento
1212 2146 1234 2215 Η
1263 2155 1316 2199 17
1339 2156 1546 2196 senatum
1568 2151 1642 2196 hic
1667 2153 1725 2196 P:
1764 2166 1903 2197 sena-

30 2255 37 2275 4
92 2226 161 2265 tus
187 2219 219 2264 Ο
245 2216 268 2284 Η
292 2220 529 2266 adsereret
551 2221 611 2264 P:
653 2221 883 2265 adsideret
912 2219 945 2265 Ο
971 2214 992 2283 Η
1014 2225 1072 2266 20
1097 2225 1188 2266 tum
1211 2227 1477 2279 corruptum
1501 2219 1687 2265 videtur
1712 2215 1734 2285 Η
1758 2227 1814 2268 21
1839 2229 1905 2267 est

92 2288 272 2334 addidit
297 2290 520 2334 Halmius.
558 2281 581 2354 Η
613 2293 668 2336 25
692 2291 924 2335 vulcorum
948 2283 970 2354 Η
1004 2294 1059 2339 27
1088 2290 1327 2348 confossus
1351 2290 1414 2335 D:
1451 2289 1672 2348 confusus
1698 2291 1731 2336 Ο
1754 2287 1775 2354 Η
1801 2304 1904 2336 cum

92 2373 184 2402 om.
210 2360 246 2403 E
283 2352 304 2423 Η
342 2361 400 2405 28
424 2358 647 2415 affectare
666 2372 857 2417 reynum
880 2361 968 2404 W:
1007 2373 1108 2404 cum
1146 2359 1244 2414 ΟΕ;
1292 2361 1353 2404 cf.
1378 2360 1497 2404 infra
1524 2364 1549 2413 ἓ
1567 2364 1598 2406 4
1633 2365 1677 2404 et
1714 2366 1783 2418 19,
1810 2365 1836 2413 5
1858 2367 1902 2407 5.

35 2451 38 2458 ·
90 2428 205 2472 Aur.
240 2429 359 2472 Vict.
398 2426 454 2470 de
491 2427 549 2470 V.
583 2427 652 2472 Ill.
691 2443 732 2473 c.
770 2431 849 2476 17:
897 2429 1169 2485 ‘Quinctius
1207 2428 1502 2475 Cincinnatus
1546 2461 1557 2472 .
1586 2462 1597 2474 .
1620 2462 1633 2473 .
1660 2462 1671 2472 .
1707 2431 1903 2476 dictator

36 2500 41 2505 '
92 2496 242 2542 dictus
269 2496 487 2554 Spurium
513 2497 730 2541 Maelium
765 2512 960 2555 regnum
999 2498 1293 2543 affectantem
1329 2513 1356 2543 a
1391 2498 1590 2545 Servilio
1626 2498 1902 2547 Ahalama-

92 2567 237 2623 gistro
262 2567 462 2624 equitum
492 2566 642 2610 occidi
669 2567 839 2611 iussit.’
876 2561 898 2632 Η
932 2572 986 2615 31
1018 2567 1266 2626 factionem
1300 2574 1343 2613 et
1363 2570 1424 2613 P:
1460 2569 1662 2628 factione
1698 2569 1756 2614 C:
1794 2583 1903 2613 mox

40 2630 47 2689 ξ
90 2640 198 2693 post
235 2640 434 2692 pararet
481 2636 692 2680 lacunam
740 2636 960 2681 indICavi.
1006 2631 1027 2702 Η
1072 2641 1130 2686 32
1173 2639 1429 2696 complures
1470 2638 1690 2683 debitores
1736 2639 1902 2695 scrIpsi

93 2704 415 2749 emendatione
451 2705 627 2749 incerta
661 2718 719 2748 ex
747 2705 883 2749 Floro
917 2712 957 2761 1,
982 2710 1052 2761 26,
1082 2710 1140 2753 8:
1190 2709 1329 2765 equia
1364 2709 1614 2766 plerosque
1645 2707 1903 2752 debitorum

42 2773 48 2796 ‘
91 2772 407 2820 liberaverat?
447 2773 787 2818 conturbatores
807 2773 878 2819 ΟΕ
902 2768 924 2839 Η
948 2779 1007 2823 34
1029 2777 1284 2822 incendium
1304 2779 1390 2822 W:
1421 2780 1468 2821 in
1486 2777 1739 2822 incendium
1762 2776 1833 2822 ΟΕ
1858 2770 1882 2840 Η

43 2846 49 2880 ἶ
92 2845 149 2888 35
179 2845 224 2887 in
253 2846 399 2888 erarii
423 2840 442 2877 ¹¹

46 2955 50 2960 ,
233 2908 314 2971 22,
341 2918 369 2959 2
403 2867 450 2958 iili
475 2913 662 2970 Apulia]
697 2913 835 2956 immo
869 2915 917 2957 in
940 2914 1132 2959 Etruria
1167 2908 1189 2979 Η
1225 2919 1254 2962 3
1278 2914 1480 2973 Populus
1505 2948 1516 2959 .
1532 2948 1543 2959 .
1560 2948 1594 2959 ..
1618 2916 1788 2970 causis]
1817 2913 1904 2968 Qui

0 3019 7 3022 .
93 2991 224 3039 reyes
258 2983 326 3025 vel
360 2983 496 3027 duces
528 2996 630 3027 cum
670 2981 891 3027 Romanis
932 2983 1045 3027 bella
1076 2990 1316 3042 qesserunt
1351 2986 1386 3028 E
1422 2978 1444 3048 Η
1485 2990 1514 3032 4
1555 2986 1782 3029 conseruit
1809 2983 1903 3028 W:
