2020 3168
183 206 254 256 90
772 214 948 253 ηοω
965 214 1238 253 ΕΡΙΤΟΜΑ.
1835 216 1864 225 ”

139 355 170 393 4
187 341 380 406 scitur,
414 340 608 390 iterum
640 337 744 389 fuit
777 337 1044 393 movenda
1070 337 1379 404 Thessalia3
1416 337 1544 388 dum
1569 338 1839 403 Antonius

184 411 337 461 vario
391 409 609 475 ingenio
661 414 755 458 aut
812 423 1176 463 successorem
1227 406 1476 459 Caesaris
1529 406 1841 474 indignatur

182 478 472 531 Octavium
507 482 599 527 aut
635 492 815 527 amore
854 474 1170 544 Cleopatrae
1208 475 1462 528 desciscit
1504 475 1562 526 in
1595 474 1842 543 reginam

184 547 275 577 *³²²*
312 545 467 596 aliter
506 544 688 596 salvus
726 561 844 595 esse
877 560 986 594 non
1025 544 1226 613 potuit,
1260 543 1367 601 nisi
1403 542 1736 612 confugisset
1769 543 1841 595 ad

137 637 165 676 5
183 617 512 667 servitutem.
577 612 956 682 gratu-landum
998 619 1179 671 tamen
1222 619 1283 670 ut
1336 613 1395 663 in
1437 618 1587 671 tanta
1633 618 1839 681 pertur-
1872 635 1893 667 5

181 683 399 736 batione
433 688 538 749 est,
575 682 720 752 quod
753 682 1092 752 potissimum
1130 681 1202 733 ad
1237 681 1523 741 Octavium
1552 679 1842 733 Caesarem

178 754 487 820 Augustum
521 769 726 803 summa
764 768 944 802 rerum
974 751 1162 817 rediit,
1204 750 1296 820 qui
1331 750 1595 819 sapientia
1625 766 1723 806 sua
1749 749 1840 800 ad-

183 826 286 892 qUe
325 819 565 873 sollertia
597 819 899 890 perculsum
919 819 1158 889 undique
1193 836 1257 870 ac
1294 818 1664 889 perturbatum
1699 817 1841 870 ordi-

131 901 162 943 6
182 891 335 942 navit
362 890 574 958 imperii
605 906 824 959 corpuS,
855 889 998 959 quod
1029 887 1159 946 haut
1186 887 1349 940 dubie
1377 905 1668 958 numquam
1697 888 1841 938 coire

182 967 236 1011 et
289 959 590 1012 consentire
649 959 942 1028 potuisset,
1005 958 1113 1008 nisi
1165 959 1325 1008 unius
1381 956 1647 1026 praesidis
1705 963 1898 1008 nutum

136 1045 165 1084 7
184 1029 338 1098 quasi
382 1028 560 1079 anima
596 1034 648 1078 et
683 1034 862 1078 mente
890 1032 1184 1094 regeretur.
1239 1025 1425 1077 Marco
1459 1026 1698 1077 Antonio
1735 1023 1840 1075 Pu-

180 1097 293 1149 blio
323 1095 611 1148 Dolabella
646 1094 954 1154 consulibus
994 1095 1278 1163 imperium
1306 1094 1608 1146 Romanum
1631 1095 1740 1145 iam
1772 1093 1843 1144 ad

184 1165 472 1218 Caesarem
490 1164 848 1216 transferente
876 1163 1093 1220 fortuna
1119 1164 1304 1215 varius
1342 1169 1395 1214 et
1419 1162 1706 1233 multiplex
1731 1180 1842 1214 mo-

179 1242 265 1286 tus
295 1234 529 1286 civitatis
565 1233 685 1285 fuit.
739 1232 987 1303 quodque
1015 1233 1072 1283 in
1108 1249 1287 1284 annua
1315 1231 1452 1283 caeli
1489 1232 1842 1284 conversione

136 1303 300 1360 sfieri
337 1302 497 1368 solet,
535 1310 595 1354 ut
629 1310 775 1355 mota
810 1301 989 1354 sidera
1018 1308 1205 1353 tonent
1239 1318 1304 1352 ac
1340 1318 1464 1352 suos
1501 1300 1676 1355 flexus
1708 1307 1837 1352 tem·
1856 1319 1896 1352 15

181 1379 389 1443 pestate
442 1371 778 1440 significent,
838 1371 917 1423 sic
964 1378 1079 1422 tum
1122 1370 1396 1423 Romanae
1443 1370 1840 1435 dominationiS,

181 1441 240 1494 id
288 1448 369 1493 est
413 1441 633 1493 humani
675 1441 891 1510 generis
936 1441 1286 1492 conversione
1322 1440 1535 1509 penitus
1569 1439 1845 1490 intremuit

183 1511 434 1580 omnique
462 1527 660 1578 genere
687 1510 1084 1574 discriminum,
1123 1508 1398 1574 civilibus,
1438 1509 1699 1574 externiS‚
1733 1525 1842 1559 ser-

180 1579 406 1645 vilibus,
438 1578 783 1630 terrestribus
825 1595 889 1630 ac
921 1577 1205 1629 navalibus
1241 1577 1399 1629 bellis
1438 1587 1593 1629 omne
1629 1577 1843 1646 imperii

182 1666 374 1718 corpus
411 1649 671 1717 agitatum
708 1654 804 1699 est.
1851 1666 1895 1699 20

517 1757 643 1810 XV.
702 1756 1008 1809 BELLVM
1045 1755 1499 1808 MVTINENSE.

75 1859 229 1930 1111,4
323 1857 506 1909 Prima
549 1856 789 1908 civilium
823 1863 1063 1907 motuum
1099 1872 1261 1907 causa
1295 1861 1673 1906 testamentum
1711 1853 1842 1907 Cae-

187 1928 322 1979 saris
358 1926 485 1992 fuit,
529 1927 677 1978 cuius
718 1925 984 1978 secundus
1022 1924 1179 1976 heres
1214 1925 1509 1991 AntoniuS‚
1584 1923 1844 1975 raelatum

188 1996 293 2048 sibi
331 1994 616 2048 Octavium
651 1995 866 2061 furens,
907 1993 1237 2063 inexpiabile
1275 2000 1461 2045 contra
1500 2011 1534 2044 a
1573 1994 1842 2062 optionem

141 2065 432 2117 2acerrimi
467 2064 677 2116 iuvenis
717 2070 1025 2133 susceperat
1060 2062 1277 2114 bellum.
1350 2063 1511 2132 uippe
1547 2080 1667 2113 cum
1696 2063 1839 2112 intra
1854 2081 1897 2114 25

182 2141 431 2187 octavum
481 2133 746 2185 decimum
796 2150 995 2184 annum
1038 2138 1282 2182 tenerum
1316 2081 1404 2202 (let
1440 2129 1749 2202 obnoxium]
1789 2136 1842 2181 et

182 2209 537 2272 opportunum
573 2203 800 2255 iniuriae
835 2204 1085 2253 iuvenem
1119 2200 1353 2267 videret,
1392 2201 1508 2270 ipse
1543 2200 1735 2269 plenae
1773 2216 1843 2250 ex

183 2271 491 2323 commilitio
532 2271 780 2324 Caesaris
829 2271 1108 2340 dignitatis
1163 2269 1402 2321 lacerare
1438 2269 1596 2320 furtis
1633 2267 1841 2320 heredi-

182 2348 371 2406 tatem,
412 2341 427 2389 i
470 2358 585 2391 sum
615 2342 869 2409 insectari
889 2338 1101 2409 probris
1112 2377 1127 2405 ‚
1157 2340 1360 2390 cunctis
1393 2338 1595 2390 artibus
1630 2344 1841 2407 coopta-

141 2411 385 2461 3tionem
425 2359 596 2460 fuliae
632 2410 808 2478 gentis
856 2408 1124 2474 inhibere,
1171 2408 1401 2478 denique
1434 2408 1504 2460 ad
1542 2408 1838 2477 opprimen-
1855 2430 1898 2463 30

186 2479 312 2530 dum
346 2479 597 2531 iuvenem
631 2478 809 2547 palam
844 2495 993 2529 arma
1031 2476 1225 2529 moliri.
1262 2484 1315 2528 et
1341 2478 1448 2529 iam
1473 2483 1659 2546 parato
1691 2493 1840 2526 exer-

185 2549 294 2598 citu
357 2548 414 2598 in
467 2546 744 2616 Cisalpina
798 2547 978 2600 Gallia
1047 2547 1383 2598 resistentem
1444 2545 1675 2598 motibus
1731 2545 1840 2595 suis

141 2616 472 2668 4Decimum
506 2616 734 2669 Brutum
769 2616 1066 2670 obsidebat.
1123 2622 1177 2666 at
1214 2615 1471 2668 Octavius
1517 2614 1739 2679 Caesar,
1789 2620 1842 2664 et

187 2692 361 2737 aetate
399 2692 452 2737 et
487 2686 684 2737 iniuria
710 2683 1024 2738 favorabilis
1054 2691 1106 2736 et
1132 2686 1363 2736 nominis
1392 2685 1669 2735 maiestate
1698 2681 1841 2752 quod

188 2754 293 2805 sibi
339 2754 610 2821 induerat,
660 2755 926 2807 revocatis
962 2755 1031 2806 ad
1067 2771 1215 2806 arma
1256 2755 1524 2805 veteranis
1535 2793 1549 2820 ‚
1634 2753 1838 2803 rivatus
1854 2771 1896 2805 35

185 2853 256 2863 »-
294 2824 413 2892 quis
451 2824 731 2876 crederet?
763 2855 834 2865 ——
867 2824 1140 2876 consulem
1175 2822 1508 2890 adgreditur,
1559 2840 1588 2874 o
1631 2821 1837 2873 sidione

144 2890 427 2947 5Mutinae
456 2893 650 2946 liberat
677 2893 929 2959 Brutum,
966 2893 1259 2944 Antonium
1292 2893 1439 2943 exuit
1470 2892 1676 2943 castris.
1710 2897 1839 2940 tunc
