2020 3168
147 603 194 659 Ι.
235 607 288 659 A
314 606 625 660 ROMVLO
654 603 1014 658 TEMPORA
1041 603 1309 659 REGVM
1337 602 1652 661 SEPTEM.

201 743 441 813 Populus
465 743 738 797 Romanus
768 760 802 794 a
828 759 959 811 rege
977 742 1207 795 Romulo
1237 743 1296 793 in
1316 741 1605 796 Caesarem
1622 746 1734 799 Au·

61 818 281 934 gustum
328 813 699 882 septingentos
744 829 842 880 per
878 827 1049 863 annos
1095 817 1307 862 tantum
1342 828 1564 892 operum
1598 831 1734 884 pace

102 880 312 951 elloque
381 882 536 949 essit,
564 888 650 947 ut,
685 881 733 932 si
765 881 885 950 quis
913 879 1342 949 magnitudinem
1366 882 1580 950 imperii
1611 900 1735 935 cum

29 976 51 1009 5
66 950 222 1002 annis
242 967 344 1003 con
370 957 510 1017 erat,
540 956 771 1003 aetatem
798 949 941 1001 ultra
967 955 1136 1019 putet.
1184 949 1261 1000 ita
1288 948 1395 1000 late
1462 968 1520 1002 er
1548 951 1733 1004 orbem
1749 975 1776 1014 2

60 1027 326 1072 terrarum
360 1036 511 1071 arma
540 1018 891 1086 circumtulit,
919 1026 980 1070 ut
1009 1018 1102 1088 qui
1130 1035 1217 1070 res
1248 1016 1394 1069 illius
1438 1027 1602 1088 egunt
1619 1039 1729 1074 non

60 1089 221 1141 unius
277 1088 438 1159 opuli,
460 1089 557 1141 sed
576 1089 789 1157 generis
810 1087 1032 1139 humani
1052 1086 1198 1139 facta
1216 1086 1547 1141 condiscant.
1583 1096 1662 1142 tot
1677 1091 1733 1142 in

61 1157 236 1210 labori
275 1176 338 1209 us
359 1157 722 1238 periculisque
743 1158 970 1209 iactatus
993 1163 1102 1223 est,
1131 1163 1192 1208 ut
1210 1155 1280 1208 ad
1299 1158 1731 1211 constituendum

63 1227 178 1279 eius
197 1227 481 1296 imperlum
510 1226 852 1279 contendisse
870 1225 1057 1278 Virtus
1078 1232 1132 1277 et
1150 1225 1394 1277 Fortuna
1422 1226 1726 1281 videantur.

6 1315 49 1349 10
62 1312 169 1365 qua
184 1312 244 1346 re
263 1312 399 1362 cum,
420 1296 467 1347 si
486 1295 617 1366 quid
634 1295 797 1361 aliud,
823 1294 926 1347 hoc
953 1311 1058 1364 quo
1095 1311 1165 1346 ue
1181 1311 1211 1346 o
1252 1311 1376 1348 erae
1400 1297 1630 1364 pretium
1649 1298 1717 1350 sit
1734 1301 1761 1343 3

62 1380 412 1434 cognoscere,
459 1370 641 1415 tamen
687 1364 816 1433 quia
858 1364 978 1432 ipsa
1030 1363 1078 1414 si
1119 1363 1138 1413 i
1186 1380 1216 1414 o
1259 1369 1366 1415 stat
1415 1366 1729 1433 magnitudo

60 1450 345 1503 rerumque
366 1432 654 1484 diversitas
677 1433 849 1484 aciem
867 1431 1182 1483 intentionis
1207 1430 1399 1482 abrum
1438 1434 1505 1499 it,
1536 1434 1734 1486 faciam

61 1502 206 1573 quod
220 1501 419 1569 solent,
450 1503 543 1572 qui
568 1508 835 1554 terrarum
865 1501 999 1552 situs
1028 1499 1288 1569 pingunt:
1326 1450 1560 1553 iugi-evi
1614 1504 1735 1555 uasi

58 1571 260 1625 tabella
288 1577 458 1624 totam
499 1571 613 1623 eius
655 1570 946 1639 imaginem
984 1567 1307 1639 amplectar,
1338 1585 1449 1621 non
1476 1569 1588 1621 nih'
1624 1610 1638 1637 ,
1674 1578 1735 1623 ut

0 1662 48 1696 115
66 1658 246 1712 spem,
276 1640 348 1694 ad
376 1640 784 1694 admirationem
811 1638 1071 1709 principis
1103 1637 1290 1708 populi
1320 1637 1628 1691 conlaturus
1643 1679 1658 1706 ,
1689 1640 1736 1691 si

59 1711 260 1832 pariteJr
307 1710 484 1782 adque
531 1709 758 1763 insemel
802 1709 1116 1761 universam
1149 1707 1579 1777 magnitudinem
1616 1709 1729 1760 eius

61 1787 214 1833 osten
254 1797 363 1833 ero.

202 1848 260 1901 Si
281 1849 401 1919 quis
428 1867 556 1918 ergo
585 1848 841 1918 populum
859 1848 1160 1900 Romanum
1190 1847 1344 1917 quasi
1368 1864 1535 1898 unum
1564 1846 1731 1900 homi-
1750 1866 1778 1905 4

0 1978 1 1981 ¹
59 1936 186 1970 nem
217 1917 521 1970 consideret
556 1925 829 1987 totamque
866 1918 980 1969 eius
1018 1923 1250 1969 aetatem
1289 1923 1632 1986 percenseat,
1672 1923 1732 1968 ut

7 2003 49 2038 20
64 1987 303 2058 coeperit
320 1996 486 2057 utque
517 1987 831 2051 adoleverit,
850 1993 910 2038 ut
930 1986 1084 2056 quasi
1101 1985 1174 2037 ad
1192 1985 1462 2055 quandam
1479 1986 1732 2038 iuventae

61 2057 276 2126 frugem
297 2057 620 2126 pervenerit,
635 2063 696 2108 ut
711 2062 900 2125 postea
921 2055 1071 2107 velut
1089 2055 1446 2121 consenuerit,
1480 2062 1730 2124 quattuor

61 2125 320 2195 gradibus
345 2125 549 2178 Romae
568 2132 715 2178 aetas
735 2129 965 2177 distincta
983 2128 1239 2176 videbitur.
1273 2129 1442 2188 prima
1463 2133 1601 2176 aetas
1625 2122 1724 2175 sub
1749 2142 1775 2182 5

60 2194 281 2264 regibus
302 2194 407 2247 fuit
422 2212 590 2265 prope
618 2212 717 2266 per
744 2211 912 2247 annos
934 2193 1372 2264 quadringentOS‚
1404 2191 1596 2262 quibus
1624 2193 1724 2243 cir-

63 2282 185 2316 cum
211 2263 401 2318 urbem
426 2265 599 2334 ipsam
629 2282 751 2317 cum
776 2263 1018 2315 finitimis
1046 2262 1278 2315 luctatus
1310 2268 1407 2314 est.
1457 2260 1592 2313 haec
1622 2262 1724 2313 erit

8 2350 36 2384 25
68 2334 182 2386 eius
210 2333 456 2384 infantia.
506 2351 734 2404 sequens
764 2351 798 2385 a
824 2332 993 2385 Bruto
1016 2331 1393 2401 Collatinoque
1421 2329 1732 2382 consulibus
1753 2344 1782 2387 6

62 2403 121 2455 in
134 2402 372 2472 Appium
394 2401 680 2455 Claudium
698 2401 957 2469 Quintum
975 2401 1231 2454 Fulvium
1251 2400 1496 2453 consules
1519 2406 1734 2452 centum

99 2472 455 2542 uinquaginta
483 2473 638 2524 annis
668 2479 840 2543 patet,
872 2471 1066 2542 quibus
1094 2469 1311 2523 Italiam
1342 2468 1572 2538 subegit.
1630 2467 1733 2520 hoc

62 2490 167 2594 {luit
185 2548 396 2611 tempus
416 2542 548 2593 viris
566 2543 728 2594 armis
748 2542 1195 2607 incitatissimum‚
1216 2539 1445 2609 ideoque
1467 2539 1585 2608 quis
1605 2537 1734 2589 adu-

63 2610 376 2663 lescentiam
416 2611 631 2663 dixerit.
696 2610 948 2680 deinceps
986 2611 1058 2663 ad
1099 2608 1389 2662 Caesarem
1424 2607 1728 2675 Augustum
1749 2626 1778 2664 7

11 2702 52 2736 so
66 2687 281 2733 centum
301 2687 354 2733 et
372 2681 762 2751 quinquaginta
779 2683 931 2747 anni,
959 2679 1153 2751 quibus
1182 2685 1353 2731 totum
1372 2676 1557 2729 orbem
1575 2692 1731 2745 paca-

66 2750 164 2802 vit.
203 2749 293 2801 hic
310 2750 419 2801 iam
442 2751 561 2820 ipsa
578 2751 827 2802 iuventus
847 2750 1059 2819 imperii
1079 2756 1132 2801 et
1152 2749 1306 2818 quasi
1323 2746 1545 2800 robusta
1563 2751 1730 2796 matu-

66 2819 215 2870 ritas·
247 2836 281 2869 a
293 2818 525 2872 Caesare
535 2819 781 2888 Augusto
801 2820 859 2871 in
876 2818 1149 2871 saeculum
1168 2823 1411 2869 nostrum
1423 2814 1552 2867 haut
1562 2813 1727 2866 multo
1746 2822 1776 2863 8

65 2888 240 2940 minus
259 2889 386 2941 anni
406 2888 647 2956 ducenti,
680 2887 872 2959 quibus
901 2888 1096 2941 inertia
1116 2886 1409 2940 Caesarum
1441 2884 1592 3003 quasi
1611 2900 1732 2936 con-
