2020 3168
194 183 262 233 56
784 193 961 233 nom
987 193 1263 233 EPITOMA.

121 328 179 368 27
337 318 521 372 Gneus
557 319 772 370 interim
806 319 1038 387 Magnus
1069 317 1289 371 rebellis
1314 318 1480 371 Asiae
1504 319 1756 391 reliquias
1782 335 1866 371 se·

194 406 362 460 quens
393 389 495 469 per
521 387 738 440 diversa
763 388 1004 456 gentium
1029 393 1395 457 terrarumque
1419 387 1695 440 volitabat.
1741 405 1867 440 nam

194 475 292 510 suo
329 463 589 509 orlentem
617 463 829 508 secutus
853 456 1139 509 Armenios
1147 495 1163 523 ,
1202 463 1389 526 captae
1417 458 1594 526 gentis
1622 463 1868 526 satrapen

122 523 179 566 28
196 526 492 596 supplicem
532 525 691 577 iussit
721 542 952 594 regnare
985 521 1276 594 Tigranen.
1327 531 1384 577 at
1417 527 1475 576 in
1509 525 1868 596 septentrione

195 593 506 665 Scythicum
539 594 644 646 iter
666 601 937 664 tamquam
959 593 1018 645 in
1038 594 1175 646 mari
1201 593 1369 647 stellis
1395 602 1608 647 secutus
1634 592 1864 647 Colchos
1879 604 1902 635 ⁵

195 664 413 730 cecidit,
451 663 663 732 ignovit
687 662 971 731 Hiberiae,
1001 663 1243 733 pepercit
1259 663 1506 716 Albanis.
1546 681 1727 734 regem
1748 661 1870 716 Col·
1968 663 1970 667 ’

195 733 416 786 chorum
442 731 718 799 Orhozen‚
754 733 945 802 positis
986 732 1086 784 sub
1120 733 1239 802 ipso
1269 731 1512 785 Caucaso
1550 733 1738 786 castris
1763 733 1871 784 ius·
1970 772 1973 777 Δ

195 802 266 854 sit
298 802 357 853 in
388 800 552 870 plana
585 800 937 868 descendere,
976 808 1032 854 at
1059 801 1358 869 Arthocen‚
1397 803 1490 873 qui
1520 801 1740 856 Hiberis
1775 802 1870 853 im-

192 870 444 943 perabat,
487 870 702 924 obsides
737 870 938 923 liberos
974 870 1130 938 dare3
1170 870 1414 924 Horolen
1441 872 1603 924 etiam
1627 887 1870 923 munera·

191 942 296 1008 vit,
348 939 489 992 ultro
519 940 588 993 ab
624 939 862 992 Albania
898 957 996 992 sua
1030 940 1226 992 lectum
1262 957 1484 993 aureum
1512 942 1565 993 et
1595 941 1704 992 alia
1728 939 1870 992 dona
1888 955 1931 989 ιο
1972 959 1978 1003 j

122 1013 179 1055 29
195 1011 511 1062 mittentem.
567 1028 669 1061 nec
711 1026 820 1060 non
861 1010 920 1061 in
952 1009 1232 1061 meridiem
1263 1026 1423 1061 verso
1457 1010 1672 1078 agmine
1707 1007 1868 1061 Liba-

196 1098 325 1131 num
353 1077 543 1148 Syriae
567 1077 1001 1148 Damascumque
1023 1085 1391 1146 transgressus
1415 1096 1514 1148 per
1537 1094 1757 1130 nemora
1778 1077 1874 1129 illa

198 1148 443 1214 odorata,
478 1166 576 1217 per
606 1147 740 1199 turis
777 1154 831 1198 et
860 1146 1089 1199 balsami
1121 1146 1287 1199 silvas
1313 1146 1558 1200 Romana
1585 1148 1742 1216 signa
1769 1147 1872 1214 cir·

197 1216 458 1269 cumtulit.
522 1216 758 1282 ArabeS,
815 1217 861 1268 si
903 1216 1034 1286 quid
1080 1216 1394 1286 imperaret,
1439 1223 1656 1297 praesto
1702 1215 1871 1268 fuere.

125 1293 181 1335 30
196 1285 576 1356 Hierosolyma
601 1285 890 1338 defendere
915 1292 1245 1356 temptavere
1270 1285 1489 1354 Iudae13
1523 1304 1714 1338 verum
1737 1285 1872 1337 haec
1889 1301 1932 1335 15

198 1372 410 1427 quoque
454 1363 507 1407 et
548 1355 772 1407 intravit
809 1362 862 1407 et
896 1353 1036 1406 vidit
1067 1354 1205 1407 illud
1238 1354 1444 1424 grande
1479 1356 1660 1425 inpiae
1693 1354 1872 1424 gentis

197 1442 453 1477 arcanum
484 1431 699 1494 patenS,
736 1423 835 1476 sub
870 1441 1036 1484 aurea
1066 1423 1178 1476 vite
1215 1424 1414 1476 cillum.
1465 1423 1873 1477 dissidentibus-

233 1511 301 1545 ue
353 1493 420 1545 de
471 1511 639 1563 regno
683 1491 940 1545 fratribus
981 1491 1181 1545 arbiter
1227 1493 1401 1545 factus
1443 1510 1672 1562 regnare
1717 1493 1876 1544 iussit

197 1513 542 1633 sslyrcanum3
597 1561 991 1629 Aristobolum,
1048 1563 1174 1633 quia
1225 1562 1523 1615 renovabat
1574 1562 1872 1632 imperium,

126 1639 178 1681 31
198 1633 256 1683 in
292 1639 507 1684 catenas
545 1631 709 1684 dedit.
767 1632 845 1683 sic
877 1631 1133 1702 Pompeio
1169 1632 1305 1685 duce
1339 1631 1568 1702 populus
1597 1631 1870 1683 Romanus
1887 1648 1932 1682 20

199 1707 388 1768 totam,
446 1718 552 1771 qua
607 1701 870 1753 latissima
913 1708 1017 1768 est,
1069 1701 1258 1753 Asiam
1292 1706 1661 1771 pervagatus,
1751 1717 1876 1751 uam

201 1778 495 1824 extremam
534 1771 745 1840 imperii
792 1769 1027 1823 habebat
1069 1771 1403 1840 provinciam
1449 1770 1682 1822 mediam
1753 1770 1872 1821 ecit.

201 1841 440 1910 exceptis
478 1840 570 1910 qui
607 1857 676 1909 pe
704 1839 943 1906 Parthis,
989 1840 1081 1909 qui
1114 1839 1304 1891 foedus
1340 1839 1667 1905 maluerunt,
1712 1845 1765 1890 et
1786 1837 1875 1889 In-

201 1909 311 1976 dis,
360 1909 452 1979 qui
495 1857 671 1960 adfiuc
714 1927 812 1962 nos
858 1927 957 1961 nec
1003 1915 1291 1977 noverant,
1347 1910 1518 1961 omnis
1561 1909 1696 1960 Asia
1735 1908 1876 1959 inter

199 1977 422 2030 rubrum
451 1983 504 2030 et
533 1977 787 2048 Caspium
815 1985 866 2030 et
890 1978 1165 2030 Oceanum
1189 1977 1531 2048 Pompeianis
1561 1977 1760 2031 domita
1783 1975 1873 2029 vel
1889 2000 1933 2032 25

203 2062 458 2118 oppressa
490 2048 659 2116 signis
695 2047 993 2100 tenebatur.

553 2157 704 2210 XLI.
743 2157 1051 2211 BELLVM
1085 2157 1522 2211 PIRATICVM.

83 2259 218 2325 111,6
343 2255 568 2308 Interim
603 2273 725 2307 cum
760 2254 989 2336 populus
1029 2254 1301 2307 Romanus
1336 2273 1435 2326 per
1468 2255 1684 2307 diversa
1709 2261 1875 2307 terra-

201 2344 320 2377 rum
347 2325 618 2376 districtus
646 2332 749 2391 est,
791 2324 987 2378 C1lices
1012 2325 1324 2377 invaserant
1346 2326 1516 2377 maria
1542 2324 1874 2394 sublatisque

204 2394 559 2461 commerciis,
606 2402 762 2464 rupto
797 2394 1015 2446 foedere
1054 2394 1268 2463 generis
1302 2394 1546 2461 humani,
1592 2394 1670 2445 sic
1704 2393 1874 2444 maria
1888 2413 1934 2447 30

161 2470 188 2509 2
203 2462 347 2517 bello
375 2463 529 2534 quasi
552 2470 867 2534 tempestate
928 2463 1306 2515 raecluserant.
1346 2463 1625 2516 audaciam
1647 2461 1873 2532 perditis

203 2532 529 2603 furiosisque
554 2532 850 2584 latronibus
877 2482 1039 2584 dabat
1065 2533 1304 2603 inquieta
1326 2532 1702 2585 Mithridaticis
1722 2548 1873 2601 proe-

204 2601 292 2652 liis
327 2602 486 2668 Asia,
528 2601 655 2654 dum
691 2601 789 2653 sub
824 2601 986 2653 alieni
1014 2600 1145 2653 belli
1170 2601 1401 2654 tumultu
1428 2602 1703 2671 exterique
1728 2599 1873 2669 regis

160 2680 188 2722 3
208 2670 416 2723 invidia
462 2672 663 2741 inpune
709 2677 1040 2740 grassantur.
1108 2688 1171 2723 ac
1211 2672 1441 2741 primum
1485 2671 1619 2723 duce
1663 2669 1872 2722 Isidoro

205 2741 440 2791 contenti
473 2741 719 2810 proximo
755 2741 891 2792 mari
925 2739 1140 2792 Cretam
1173 2741 1314 2792 inter
1348 2740 1416 2792 ad
1455 2757 1522 2792 ue
1549 2738 1790 2808 Cyrenas
1820 2743 1873 2789 et
1888 2757 1934 2791 35

204 2805 467 2860 Achaiam
487 2810 768 2879 sinumque
788 2809 1047 2877 Maleum,
1077 2809 1221 2879 quod
1239 2808 1307 2862 ab
1328 2759 1511 2879 spoliis
1532 2826 1750 2860 aureum
1769 2806 1875 2888 ipsi

160 2894 495 2945 4vocavere,
541 2877 1011 2930 latrocinabantur.
1069 2879 1371 2949 missusque
1413 2878 1471 2929 in
1515 2895 1604 2930 eos
1648 2873 1874 2928 Publius
