2020 3168
684 189 970 256 1‚18—21
1004 188 1082 260 [11.
1103 190 1298 267 2—55.
1383 240 1387 243 ,
1755 194 1822 243 27

159 328 373 408 utrique
392 327 649 380 cotidiani
668 334 721 379 et
773 328 897 379 uasi
917 327 1195 379 domestici
1213 326 1394 378 hostes
1412 327 1660 379 tirocinia
1686 328 1823 379 mili·

159 402 273 448 tum
292 396 593 463 inbuerant‚
612 413 713 448 nec
732 413 765 447 a
787 397 890 448 iter
907 403 1133 466 utraque
1165 402 1327 464 gente
1352 412 1511 475 quam
1531 396 1685 465 quasi
1707 404 1823 448 cote

161 464 639 536 quadampopulus
658 465 932 517 Romanus
950 465 1155 517 ferrum
1175 481 1303 515 suae
1327 465 1542 515 virtutis
1561 463 1804 516 acuebat.

298 533 546 603 LiguraS,
566 535 686 587 imis
703 533 924 604 Alpium
941 534 1082 602 iugis
1101 532 1441 585 adhaerentis
1461 533 1602 584 inter
1619 533 1825 586 Varum
1839 543 1866 582 4

122 617 143 649 ⁵
159 609 212 654 et
228 602 475 671 Magram
501 602 702 655 flumen
731 602 1107 683 inplicitosque
1135 601 1310 655 dumis
1330 601 1683 668 silvestribus,
1715 619 1823 653 ma-

157 673 241 724 ior
258 671 531 740 aliquanto
551 670 705 723 labor
724 678 839 723 erat
856 672 1102 723 invenire
1119 689 1280 741 quam
1296 671 1534 723 vincere.
1566 672 1669 723 tuti
1688 671 1822 723 locis

158 746 212 791 et
230 739 376 808 fuga,
402 739 595 792 durum
612 739 683 791 ad
719 757 789 791 ue
810 740 975 793 velox
994 757 1182 808 genuS,
1215 758 1286 791 ex
1308 740 1589 791 occasione
1612 739 1823 792 latroci-

156 809 250 860 nia
267 809 439 877 magis
459 825 620 878 quam
640 808 705 860 be
729 808 782 860 la
800 807 1089 860 faciebant.
1125 809 1306 878 itaque
1324 824 1445 859 cum
1463 807 1557 859 diu
1573 807 1823 859 multum·
1842 824 1868 865 5

158 894 261 947 que
290 877 568 930 eluderent
593 875 816 944 Saluvii‚
838 877 1110 944 Deciate8‚
1132 875 1352 942 Oxubii,
1372 874 1716 942 Euburiates,
1737 876 1824 928 In'-

160 947 336 1012 oanni,
356 945 575 998 tandem
592 946 816 998 Fulvius
847 945 1082 998 latebras
1103 963 1288 999 eorum
1307 945 1423 1014 igni
1442 946 1661 1015 saepsit,
1689 945 1824 998 Bae-

154 987 277 1066 bius
308 1016 366 1066 in
394 1016 557 1096 plana
584 1015 823 1082 deduxit,
852 1015 1160 1068 Postumius
1188 1015 1264 1067 ita
1293 1015 1609 1081 exarmavit,
1639 1022 1699 1066 ut
1727 1015 1824 1067 vix

155 1083 432 1154 reliquerit
450 1085 654 1138 ferrum
674 1103 779 1156 quo
798 1092 943 1138 terra
966 1084 1248 1138 coleretur.

541 1193 674 1246 XX.
704 1193 1011 1248 BELLVM
1036 1193 1442 1248 GALLICVM.

102 964 144 998 10

296 1292 469 1346 Gallis
487 1292 807 1345 Insubribus
836 1300 895 1345 et·
916 1292 1000 1345 his
1027 1293 1225 1346 accolis
1243 1294 1465 1363 Alpium
1491 1295 1656 1346 animi
1684 1295 1941 1370 fera-1174

99 1382 140 1417 15
153 1381 286 1428 rum,
307 1379 368 1414 co
438 1379 532 1414 ora
547 1361 667 1432 plus
686 1379 847 1432 quam
865 1362 1098 1414 humana
1117 1369 1283 1428 erant,
1306 1362 1481 1414 sed—
1493 1365 1825 1433 experimen-

152 1439 208 1484 to
228 1432 392 1501 depre
431 1449 618 1483 ensum
637 1438 733 1497 est,
763 1432 960 1501 quippe
989 1432 1127 1483 sicut
1145 1433 1348 1502 primus
1368 1432 1596 1501 impetus
1617 1434 1695 1484 eis
1714 1451 1822 1485 ma·

152 1502 236 1553 ior
253 1518 412 1571 quam
428 1501 670 1553 virorum
680 1507 775 1567 est,
795 1501 871 1552 ita
889 1518 1118 1569 sequens
1137 1502 1311 1553 minor
1364 1517 1489 1551 uam
1505 1500 1824 1561 feminarum

152 1601 223 1611 -—-
238 1569 439 1639 Alpina
457 1586 682 1640 corpora
695 1576 910 1631 umente
932 1569 1080 1622 caelo
1102 1570 1331 1622 educata
1418 1568 1549 1621 bent
1568 1570 1824 1639 quiddam
1840 1586 1866 1626 2

155 1638 328 1690 simile
345 1638 562 1691 nivibus
584 1639 719 1691 suis:
759 1657 879 1691 cum
896 1641 994 1691 vix
1014 1639 1228 1691 caluere
1246 1656 1442 1708 pugna,
1465 1639 1645 1690 statim
1663 1640 1720 1690 in
1739 1658 1823 1692 su-

99 1707 339 1760 zodorem
358 1715 486 1760 eunt
505 1715 558 1760 et
575 1708 684 1760 levi
703 1716 851 1761 motu
880 1711 1035 1779 quasi
1063 1708 1175 1761 sole
1197 1709 1464 1760 laxantur.
1514 1707 1570 1759 hi
1590 1726 1749 1778 saepe
1771 1717 1822 1761 et
1844 1713 1868 1754 3

155 1776 288 1828 alias
319 1784 371 1828 et
399 1777 722 1831 Brittomaro
751 1778 886 1830 duce
923 1796 1034 1832 non
1061 1779 1210 1848 prius
1247 1778 1517 1847 posituros
1558 1795 1615 1829 se
1646 1777 1825 1830 baltea

155 1863 314 1916 quam
346 1845 672 1927 Capitolium
697 1847 1066 1899 ascendissent
1093 1849 1423 1899 iuraverant.
1476 1846 1679 1898 factum
1710 1855 1819 1916 est3

152 1914 325 1968 victos
354 1933 496 1967 emm
513 1915 778 1967 Aemilius
809 1917 867 1967 in
888 1915 1153 1986 Capitolio
1183 1916 1456 1969 discinxit.
1505 1933 1635 1968 mox
1658 1916 1818 1969 Ario·
1837 1925 1864 1964 4

150 1985 293 2036 visto
322 1984 458 2036 duce
484 2002 685 2037 vovere
721 1985 788 2037 de
824 1992 1130 2038 nostrorum
1164 1985 1394 2038 militum
1428 1985 1631 2055 praeda
1658 1985 1822 2038 Marti

95 2073 139 2107 25
157 2071 252 2107 suo
270 2061 531 2123 torquem.
577 2055 862 2124 intercepit
879 2054 1122 2127 Iuppiter
1140 2061 1351 2122 votum3
1386 2072 1511 2105 nam
1534 2054 1601 2106 de
1619 2062 1704 2107 tor
1742 2057 1819 2106 ui-

151 2122 252 2175 bus
273 2140 455 2175 eorum
486 2141 707 2175 aureum
731 2131 1014 2193 tropaeum
1030 2123 1152 2176 Iovi
1170 2123 1467 2175 Flaminius
1489 2124 1680 2176 erexit.
1707 2073 1817 2176 qVi-
1842 2133 1867 2174 5

150 2193 420 2246 ridomaro
437 2210 568 2262 rege
578 2193 822 2246 Romana
840 2210 990 2244 arma
1000 2193 1240 2247 Volcano
1263 2194 1636 2262 promiserant.
1657 2193 1820 2245 alior-

150 2279 270 2313 sum
295 2268 424 2313 vota
446 2262 781 2330 ceciderunt3
814 2263 990 2315 occiso
1016 2264 1158 2314 enim
1186 2279 1316 2331 rege
1342 2261 1632 2314 Marcellus
1657 2263 1818 2314 tertia

149 2339 270 2401 post
290 2330 576 2384 Romulum
598 2339 805 2401 patrem
823 2331 1067 2385 Feretrio
1086 2332 1208 2384 Iovi
1228 2333 1405 2402 opima
1422 2330 1720 2402 suspendit.

92 2450 135 2484 30
501 2440 662 2493 XXI.
698 2442 1004 2497 BELLVM
1028 2445 1460 2500 ILLYRIOVM.

290 2538 468 2608 Illyrii
499 2557 595 2591 seu
619 2540 847 2594 Liburni
881 2543 981 2595 sub
1012 2546 1266 2597 extremis
1288 2545 1360 2597 Al
1401 2546 1511 2597 ium
1539 2544 1814 2607 radicibus
1823 2553 1934 2621 11,5

148 2615 316 2675 agunt
346 2609 486 2660 inter
514 2609 731 2662 Arsiam
762 2611 1069 2683 Titiumque
1105 2613 1329 2681 flumen,
1391 2616 1684 2684 ongissime
1722 2630 1820 2682 per

147 2683 319 2728 totum
342 2676 611 2730 Hadriani
632 2681 795 2731 maris
825 2681 952 2734 litus
980 2682 1152 2735 effusi.
1203 2684 1260 2735 hi
1289 2691 1550 2753 regnante
1576 2683 1822 2734 Teutana
1838 2693 1863 2733 2

146 2745 371 2797 muliere
398 2746 835 2816 populationibus
866 2769 975 2803 non
995 2755 1233 2804 contenti
1252 2753 1501 2805 licentiae
1528 2751 1702 2803 scelus
1729 2750 1820 2802 ad-

92 2836 134 2869 35
152 2814 419 2866 diderunt.
458 2817 663 2884 legatos
724 2819 782 2868 ui
818 2836 886 2887 pe
901 2827 1130 2887 nostros,
1153 2821 1220 2874 ob
1243 2839 1306 2873 ea
1326 2840 1462 2891 quae
1482 2821 1819 2889 deliquerant
1836 2832 1862 2874 3

146 2884 263 2935 iure
292 2891 533 2951 agenteS,
573 2902 642 2936 ne
672 2903 708 2953 g
731 2903 762 2936 a
806 2888 853 2939 ‘o
886 2889 1116 2958 quidem,
1156 2890 1252 2942 sed
1279 2898 1338 2941 ut
1366 2891 1612 2942 victimas
1644 2889 1820 2941 securi
