<?xml version="1.0" encoding="UTF-8"?>
<!DOCTYPE html PUBLIC "-//W3C//DTD XHTML 1.0 Transitional//EN"
    "http://www.w3.org/TR/xhtml1/DTD/xhtml1-transitional.dtd">
<html xmlns="http://www.w3.org/1999/xhtml" xml:lang="en" lang="en">
 <head>
  <title>
</title>
<meta http-equiv="Content-Type" content="text/html;charset=utf-8" />
  <meta name='ocr-system' content='tesseract 3.04.00' />
  <meta name='ocr-capabilities' content='ocr_page ocr_carea ocr_par ocr_line ocrx_word'/>
</head>
<body>
  <div class='ocr_page' id='page_1' title='image "./epitomaedetitoli00floruoft_0153.png"; bbox 0 0 2020 3168; ppageno 0'>
   <div class='ocr_carea' id='block_1_1' title="bbox 0 46 4 682">
    <p class='ocr_par' dir='ltr' id='par_1_1' title="bbox 0 46 4 682">
     <span class='ocr_line' id='line_1_1' title="bbox 0 46 4 682; baseline 0 0"><span class='ocrx_word' id='word_1_1' title='bbox 0 46 4 682; x_wconf 95' lang='lat' dir='ltr'> </span> 
     </span>
    </p>
   </div>
   <div class='ocr_carea' id='block_1_2' title="bbox 665 585 1254 694">
    <p class='ocr_par' dir='ltr' id='par_1_2' title="bbox 665 585 1254 694">
     <span class='ocr_line' id='line_1_2' title="bbox 665 585 1254 694; baseline -0.003 -1"><span class='ocrx_word' id='word_1_2' title='bbox 665 585 1254 694; x_wconf 66' lang='lat' dir='ltr'>PRAEFArta</span> 
     </span>
    </p>
   </div>
   <div class='ocr_carea' id='block_1_3' title="bbox 49 866 1877 2469">
    <p class='ocr_par' dir='ltr' id='par_1_3' title="bbox 49 866 1875 1844">
     <span class='ocr_line' id='line_1_3' title="bbox 182 866 1868 941; baseline -0.003 -10"><span class='ocrx_word' id='word_1_3' title='bbox 182 866 370 935; x_wconf 70' lang='lat' dir='ltr'>‚Lucii</span> <span class='ocrx_word' id='word_1_4' title='bbox 417 882 674 941; x_wconf 87' lang='lat' dir='ltr'><strong>Ampelii</strong></span> <span class='ocrx_word' id='word_1_5' title='bbox 726 886 950 939; x_wconf 84' lang='lat' dir='ltr'>quotquot</span> <span class='ocrx_word' id='word_1_6' title='bbox 1001 893 1124 925; x_wconf 85' lang='lat' dir='ltr'>nune</span> <span class='ocrx_word' id='word_1_7' title='bbox 1184 880 1568 936; x_wconf 79' lang='lat' dir='ltr'>circumferuntur</span> <span class='ocrx_word' id='word_1_8' title='bbox 1622 879 1868 937; x_wconf 79' lang='lat' dir='ltr'>editiones,</span> 
     </span>
     <span class='ocr_line' id='line_1_4' title="bbox 51 949 1871 1007; baseline -0.003 -8"><span class='ocrx_word' id='word_1_9' title='bbox 51 967 213 1000; x_wconf 86' lang='lat' dir='ltr'>omnes</span> <span class='ocrx_word' id='word_1_10' title='bbox 245 952 478 999; x_wconf 88' lang='lat' dir='ltr'>fluxerunt</span> <span class='ocrx_word' id='word_1_11' title='bbox 506 966 565 997; x_wconf 90' lang='lat' dir='ltr'>ex</span> <span class='ocrx_word' id='word_1_12' title='bbox 594 950 812 998; x_wconf 88' lang='lat' dir='ltr'>Salmasii</span> <span class='ocrx_word' id='word_1_13' title='bbox 841 949 1069 1006; x_wconf 84' lang='lat' dir='ltr'>editione,</span> <span class='ocrx_word' id='word_1_14' title='bbox 1108 950 1185 1007; x_wconf 90' lang='lat' dir='ltr'>qui</span> <span class='ocrx_word' id='word_1_15' title='bbox 1215 949 1393 1007; x_wconf 83' lang='lat' dir='ltr'>primus</span> <span class='ocrx_word' id='word_1_16' title='bbox 1423 949 1588 994; x_wconf 90' lang='lat' dir='ltr'>librum</span> <span class='ocrx_word' id='word_1_17' title='bbox 1627 952 1871 996; x_wconf 89' lang='lat' dir='ltr'>memoria-</span> 
     </span>
     <span class='ocr_line' id='line_1_5' title="bbox 50 1019 1871 1078; baseline -0.002 -10"><span class='ocrx_word' id='word_1_18' title='bbox 50 1025 141 1068; x_wconf 87' lang='lat' dir='ltr'>lem</span> <span class='ocrx_word' id='word_1_19' title='bbox 191 1023 338 1068; x_wconf 80' lang='lat' dir='ltr'>edidit</span> <span class='ocrx_word' id='word_1_20' title='bbox 371 1023 508 1068; x_wconf 88' lang='lat' dir='ltr'>Floro</span> <span class='ocrx_word' id='word_1_21' title='bbox 556 1020 789 1066; x_wconf 86' lang='lat' dir='ltr'>adiectum.</span> <span class='ocrx_word' id='word_1_22' title='bbox 820 1019 968 1078; x_wconf 86' lang='lat' dir='ltr'>Lugd.</span> <span class='ocrx_word' id='word_1_23' title='bbox 1000 1019 1103 1064; x_wconf 89' lang='lat' dir='ltr'>Bat.</span> <span class='ocrx_word' id='word_1_24' title='bbox 1145 1022 1285 1075; x_wconf 81' lang='lat'>16383</span> <span class='ocrx_word' id='word_1_25' title='bbox 1334 1021 1691 1064; x_wconf 89' lang='lat' dir='ltr'>commentarius</span> <span class='ocrx_word' id='word_1_26' title='bbox 1740 1034 1871 1075; x_wconf 90' lang='lat' dir='ltr'>vcro,</span> 
     </span>
     <span class='ocr_line' id='line_1_6' title="bbox 52 1085 1870 1152; baseline -0.003 -14"><span class='ocrx_word' id='word_1_27' title='bbox 52 1107 187 1151; x_wconf 89' lang='lat' dir='ltr'>quem</span> <span class='ocrx_word' id='word_1_28' title='bbox 219 1106 270 1138; x_wconf 86' lang='lat' dir='ltr'>sc</span> <span class='ocrx_word' id='word_1_29' title='bbox 297 1085 413 1152; x_wconf 79' lang='lat' dir='ltr'>‘mox</span> <span class='ocrx_word' id='word_1_30' title='bbox 438 1091 611 1150; x_wconf 85' lang='lat' dir='ltr'>publici</span> <span class='ocrx_word' id='word_1_31' title='bbox 641 1089 755 1135; x_wconf 90' lang='lat' dir='ltr'>iuris</span> <span class='ocrx_word' id='word_1_32' title='bbox 787 1090 1012 1134; x_wconf 83' lang='lat' dir='ltr'>facturum</span> <span class='ocrx_word' id='word_1_33' title='bbox 1038 1089 1271 1146; x_wconf 83' lang='lat' dir='ltr'>pollicitus</span> <span class='ocrx_word' id='word_1_34' title='bbox 1302 1093 1426 1143; x_wconf 88' lang='lat' dir='ltr'>erat,</span> <span class='ocrx_word' id='word_1_35' title='bbox 1478 1102 1733 1147; x_wconf 86' lang='lat' dir='ltr'><strong>numquam</strong></span> <span class='ocrx_word' id='word_1_36' title='bbox 1760 1104 1870 1148; x_wconf 87' lang='lat' dir='ltr'>pro-</span> 
     </span>
     <span class='ocr_line' id='line_1_7' title="bbox 53 1158 1874 1218; baseline -0.001 -12"><span class='ocrx_word' id='word_1_37' title='bbox 53 1163 159 1218; x_wconf 88' lang='lat' dir='ltr'>diit,</span> <span class='ocrx_word' id='word_1_38' title='bbox 198 1161 323 1207; x_wconf 90' lang='lat' dir='ltr'>unde</span> <span class='ocrx_word' id='word_1_39' title='bbox 357 1163 524 1207; x_wconf 82' lang='lat' dir='ltr'>factum</span> <span class='ocrx_word' id='word_1_40' title='bbox 559 1165 654 1215; x_wconf 85' lang='lat' dir='ltr'>est,</span> <span class='ocrx_word' id='word_1_41' title='bbox 693 1164 742 1203; x_wconf 88' lang='lat' dir='ltr'>ut</span> <span class='ocrx_word' id='word_1_42' title='bbox 774 1172 892 1217; x_wconf 85' lang='lat' dir='ltr'>quae</span> <span class='ocrx_word' id='word_1_43' title='bbox 920 1158 1144 1204; x_wconf 81' lang='lat' dir='ltr'>lectiones</span> <span class='ocrx_word' id='word_1_44' title='bbox 1166 1158 1345 1204; x_wconf 90' lang='lat' dir='ltr'>codicis</span> <span class='ocrx_word' id='word_1_45' title='bbox 1375 1158 1645 1204; x_wconf 90' lang='lat' dir='ltr'>auctoritate</span> <span class='ocrx_word' id='word_1_46' title='bbox 1675 1159 1874 1204; x_wconf 86' lang='lat' dir='ltr'>niteren-</span> 
     </span>
     <span class='ocr_line' id='line_1_8' title="bbox 49 1226 1874 1290; baseline -0.002 -14"><span class='ocrx_word' id='word_1_47' title='bbox 49 1236 121 1276; x_wconf 89' lang='lat' dir='ltr'>tur</span> <span class='ocrx_word' id='word_1_48' title='bbox 165 1244 378 1290; x_wconf 87' lang='lat' dir='ltr'>quaeque</span> <span class='ocrx_word' id='word_1_49' title='bbox 417 1230 649 1277; x_wconf 87' lang='lat' dir='ltr'>Salmasio</span> <span class='ocrx_word' id='word_1_50' title='bbox 689 1228 994 1283; x_wconf 78' lang='lat' dir='ltr'>deberentur,</span> <span class='ocrx_word' id='word_1_51' title='bbox 1047 1241 1195 1286; x_wconf 89' lang='lat' dir='ltr'>usque</span> <span class='ocrx_word' id='word_1_52' title='bbox 1236 1228 1298 1273; x_wconf 89' lang='lat' dir='ltr'>ad</span> <span class='ocrx_word' id='word_1_53' title='bbox 1342 1227 1467 1272; x_wconf 88' lang='lat' dir='ltr'>hunc</span> <span class='ocrx_word' id='word_1_54' title='bbox 1506 1226 1630 1273; x_wconf 92' lang='lat' dir='ltr'>diem</span> <span class='ocrx_word' id='word_1_55' title='bbox 1666 1228 1874 1287; x_wconf 88' lang='lat' dir='ltr'>ignotum</span> 
     </span>
     <span class='ocr_line' id='line_1_9' title="bbox 51 1297 1873 1357; baseline -0.002 -11"><span class='ocrx_word' id='word_1_56' title='bbox 51 1307 193 1346; x_wconf 88' lang='lat' dir='ltr'>esset.</span> <span class='ocrx_word' id='word_1_57' title='bbox 257 1301 534 1345; x_wconf 87' lang='lat' dir='ltr'>Dukerus</span> <span class='ocrx_word' id='word_1_58' title='bbox 563 1301 738 1357; x_wconf 89' lang='lat' dir='ltr'>primus</span> <span class='ocrx_word' id='word_1_59' title='bbox 770 1297 831 1342; x_wconf 89' lang='lat' dir='ltr'>ad</span> <span class='ocrx_word' id='word_1_60' title='bbox 859 1299 1034 1343; x_wconf 77' lang='lat' dir='ltr'>calcem</span> <span class='ocrx_word' id='word_1_61' title='bbox 1064 1298 1188 1342; x_wconf 86' lang='lat' dir='ltr'>Flori</span> <span class='ocrx_word' id='word_1_62' title='bbox 1219 1298 1485 1356; x_wconf 89' lang='lat' dir='ltr'>Ampelium</span> <span class='ocrx_word' id='word_1_63' title='bbox 1514 1302 1722 1342; x_wconf 88' lang='lat' dir='ltr'>nostrum</span> <span class='ocrx_word' id='word_1_64' title='bbox 1751 1298 1873 1343; x_wconf 89' lang='lat' dir='ltr'>notis</span> 
     </span>
     <span class='ocr_line' id='line_1_10' title="bbox 52 1367 1871 1428; baseline -0.002 -13"><span class='ocrx_word' id='word_1_65' title='bbox 52 1371 288 1426; x_wconf 83' lang='lat' dir='ltr'>instruxit,</span> <span class='ocrx_word' id='word_1_66' title='bbox 326 1370 491 1428; x_wconf 84' lang='lat' dir='ltr'>paucis</span> <span class='ocrx_word' id='word_1_67' title='bbox 524 1369 616 1420; x_wconf 88' lang='lat' dir='ltr'>illis</span> <span class='ocrx_word' id='word_1_68' title='bbox 638 1367 825 1426; x_wconf 88' lang='lat' dir='ltr'>quidem</span> <span class='ocrx_word' id='word_1_69' title='bbox 847 1367 932 1411; x_wconf 87' lang='lat' dir='ltr'>sed</span> <span class='ocrx_word' id='word_1_70' title='bbox 952 1367 1128 1423; x_wconf 88' lang='lat' dir='ltr'>doctis,</span> <span class='ocrx_word' id='word_1_71' title='bbox 1163 1367 1381 1412; x_wconf 86' lang='lat' dir='ltr'>adhibitis</span> <span class='ocrx_word' id='word_1_72' title='bbox 1410 1368 1547 1412; x_wconf 91' lang='lat' dir='ltr'>simul</span> <span class='ocrx_word' id='word_1_73' title='bbox 1567 1368 1871 1412; x_wconf 87' lang='lat' dir='ltr'>Perizonii</span> 
     </span>
     <span class='ocr_line' id='line_1_11' title="bbox 53 1437 1875 1496; baseline -0.002 -12"><span class='ocrx_word' id='word_1_74' title='bbox 53 1447 97 1484; x_wconf 87' lang='lat' dir='ltr'>et</span> <span class='ocrx_word' id='word_1_75' title='bbox 132 1440 372 1484; x_wconf 89' lang='lat' dir='ltr'>Heinsii</span> <span class='ocrx_word' id='word_1_76' title='bbox 421 1439 791 1495; x_wconf 81' lang='lat' dir='ltr'>exemplaribus,</span> <span class='ocrx_word' id='word_1_77' title='bbox 842 1437 919 1494; x_wconf 86' lang='lat' dir='ltr'>qui</span> <span class='ocrx_word' id='word_1_78' title='bbox 961 1437 1253 1482; x_wconf 87' lang='lat' dir='ltr'>coniecturas</span> <span class='ocrx_word' id='word_1_79' title='bbox 1305 1450 1417 1482; x_wconf 84' lang='lat' dir='ltr'>suas</span> <span class='ocrx_word' id='word_1_80' title='bbox 1456 1437 1745 1496; x_wconf 87' lang='lat' dir='ltr'>marginibus</span> <span class='ocrx_word' id='word_1_81' title='bbox 1794 1437 1875 1481; x_wconf 85' lang='lat' dir='ltr'>ad-</span> 
     </span>
     <span class='ocr_line' id='line_1_12' title="bbox 54 1505 1875 1567; baseline -0.001 -14"><span class='ocrx_word' id='word_1_82' title='bbox 54 1509 363 1567; x_wconf 82' lang='lat' dir='ltr'>scripserant:</span> <span class='ocrx_word' id='word_1_83' title='bbox 404 1507 604 1552; x_wconf 90' lang='lat' dir='ltr'>accessit</span> <span class='ocrx_word' id='word_1_84' title='bbox 623 1520 772 1565; x_wconf 90' lang='lat' dir='ltr'>nuper</span> <span class='ocrx_word' id='word_1_85' title='bbox 792 1505 1072 1564; x_wconf 87' lang='lat' dir='ltr'>Tzschuckii</span> <span class='ocrx_word' id='word_1_86' title='bbox 1092 1520 1230 1560; x_wconf 88' lang='lat' dir='ltr'>cura,</span> <span class='ocrx_word' id='word_1_87' title='bbox 1272 1520 1364 1563; x_wconf 89' lang='lat' dir='ltr'>qua</span> <span class='ocrx_word' id='word_1_88' title='bbox 1384 1505 1511 1550; x_wconf 91' lang='lat' dir='ltr'>haud</span> <span class='ocrx_word' id='word_1_89' title='bbox 1538 1519 1691 1563; x_wconf 89' lang='lat' dir='ltr'>pauca</span> <span class='ocrx_word' id='word_1_90' title='bbox 1719 1521 1875 1551; x_wconf 83' lang='lat' dir='ltr'>emen-</span> 
     </span>
     <span class='ocr_line' id='line_1_13' title="bbox 56 1575 1875 1636; baseline -0.001 -13"><span class='ocrx_word' id='word_1_91' title='bbox 56 1578 164 1623; x_wconf 89' lang='lat' dir='ltr'>data</span> <span class='ocrx_word' id='word_1_92' title='bbox 185 1582 304 1635; x_wconf 91' lang='lat' dir='ltr'>sunt,</span> <span class='ocrx_word' id='word_1_93' title='bbox 335 1581 385 1623; x_wconf 93' lang='lat' dir='ltr'>ut</span> <span class='ocrx_word' id='word_1_94' title='bbox 403 1581 695 1636; x_wconf 90' lang='lat' dir='ltr'>praeteream</span> <span class='ocrx_word' id='word_1_95' title='bbox 714 1576 1095 1621; x_wconf 88' lang='lat' dir='ltr'>Munckerum</span> <span class='ocrx_word' id='word_1_96' title='bbox 1114 1609 1127 1632; x_wconf 92' lang='lat'>,</span> <span class='ocrx_word' id='word_1_97' title='bbox 1163 1575 1456 1620; x_wconf 86' lang='lat' dir='ltr'>Freinshe</span> <span class='ocrx_word' id='word_1_98' title='bbox 1473 1576 1670 1632; x_wconf 89' lang='lat' dir='ltr'>mium,</span> <span class='ocrx_word' id='word_1_99' title='bbox 1695 1575 1875 1622; x_wconf 89' lang='lat' dir='ltr'>Davi-</span> 
     </span>
     <span class='ocr_line' id='line_1_14' title="bbox 55 1644 1875 1705; baseline -0.001 -13"><span class='ocrx_word' id='word_1_100' title='bbox 55 1648 200 1692; x_wconf 89' lang='lat' dir='ltr'>sium</span> <span class='ocrx_word' id='word_1_101' title='bbox 214 1682 225 1704; x_wconf 91' lang='lat'>,</span> <span class='ocrx_word' id='word_1_102' title='bbox 264 1660 460 1705; x_wconf 88' lang='lat' dir='ltr'>quorum</span> <span class='ocrx_word' id='word_1_103' title='bbox 480 1647 771 1692; x_wconf 85' lang='lat' dir='ltr'>coniecturas</span> <span class='ocrx_word' id='word_1_104' title='bbox 793 1646 840 1689; x_wconf 93' lang='lat' dir='ltr'>in</span> <span class='ocrx_word' id='word_1_105' title='bbox 859 1645 1199 1690; x_wconf 88' lang='lat' dir='ltr'>commentariis</span> <span class='ocrx_word' id='word_1_106' title='bbox 1222 1645 1283 1689; x_wconf 90' lang='lat' dir='ltr'>ad</span> <span class='ocrx_word' id='word_1_107' title='bbox 1302 1645 1541 1703; x_wconf 79' lang='lat' dir='ltr'>Hyginum</span> <span class='ocrx_word' id='word_1_108' title='bbox 1554 1679 1565 1701; x_wconf 91' lang='lat'>,</span> <span class='ocrx_word' id='word_1_109' title='bbox 1608 1644 1668 1689; x_wconf 90' lang='lat' dir='ltr'>ad</span> <span class='ocrx_word' id='word_1_110' title='bbox 1686 1645 1875 1690; x_wconf 89' lang='lat' dir='ltr'>Florum</span> 
     </span>
     <span class='ocr_line' id='line_1_15' title="bbox 54 1714 1874 1773; baseline 0 -14"><span class='ocrx_word' id='word_1_111' title='bbox 54 1722 98 1760; x_wconf 89' lang='lat' dir='ltr'>et</span> <span class='ocrx_word' id='word_1_112' title='bbox 136 1716 196 1762; x_wconf 92' lang='lat' dir='ltr'>ad</span> <span class='ocrx_word' id='word_1_113' title='bbox 231 1715 326 1761; x_wconf 91' lang='lat' dir='ltr'>Cic.</span> <span class='ocrx_word' id='word_1_114' title='bbox 366 1716 424 1760; x_wconf 87' lang='lat' dir='ltr'>de</span> <span class='ocrx_word' id='word_1_115' title='bbox 457 1715 559 1761; x_wconf 87' lang='lat' dir='ltr'>Nat.</span> <span class='ocrx_word' id='word_1_116' title='bbox 594 1716 649 1760; x_wconf 89' lang='lat' dir='ltr'>D.</span> <span class='ocrx_word' id='word_1_117' title='bbox 687 1716 831 1761; x_wconf 90' lang='lat' dir='ltr'>libros</span> <span class='ocrx_word' id='word_1_118' title='bbox 868 1716 1074 1773; x_wconf 88' lang='lat' dir='ltr'>prolatas</span> <span class='ocrx_word' id='word_1_119' title='bbox 1112 1716 1203 1759; x_wconf 88' lang='lat' dir='ltr'>iam</span> <span class='ocrx_word' id='word_1_120' title='bbox 1242 1714 1458 1759; x_wconf 89' lang='lat' dir='ltr'>Dukerus</span> <span class='ocrx_word' id='word_1_121' title='bbox 1495 1714 1742 1772; x_wconf 84' lang='lat' dir='ltr'>diligenter</span> <span class='ocrx_word' id='word_1_122' title='bbox 1779 1717 1874 1759; x_wconf 94' lang='lat' dir='ltr'>col-</span> 
     </span>
     <span class='ocr_line' id='line_1_16' title="bbox 54 1787 182 1844; baseline 0 -15"><span class='ocrx_word' id='word_1_123' title='bbox 54 1787 182 1844; x_wconf 82' lang='lat' dir='ltr'>legit.</span> 
     </span>
    </p>

    <p class='ocr_par' dir='ltr' id='par_1_4' title="bbox 53 1853 1877 2469">
     <span class='ocr_line' id='line_1_17' title="bbox 192 1853 1875 1914; baseline -0.001 -14"><span class='ocrx_word' id='word_1_124' title='bbox 192 1856 292 1914; x_wconf 86' lang='lat' dir='ltr'>Ego</span> <span class='ocrx_word' id='word_1_125' title='bbox 326 1855 512 1914; x_wconf 89' lang='lat' dir='ltr'>quidem</span> <span class='ocrx_word' id='word_1_126' title='bbox 530 1854 650 1899; x_wconf 91' lang='lat' dir='ltr'>redii</span> <span class='ocrx_word' id='word_1_127' title='bbox 682 1855 743 1899; x_wconf 90' lang='lat' dir='ltr'>ad</span> <span class='ocrx_word' id='word_1_128' title='bbox 763 1853 979 1900; x_wconf 88' lang='lat' dir='ltr'>Salmasii</span> <span class='ocrx_word' id='word_1_129' title='bbox 1010 1853 1246 1909; x_wconf 87' lang='lat' dir='ltr'>codicem,</span> <span class='ocrx_word' id='word_1_130' title='bbox 1284 1853 1615 1898; x_wconf 87' lang='lat' dir='ltr'>Divionensem</span> <span class='ocrx_word' id='word_1_131' title='bbox 1639 1855 1761 1909; x_wconf 86' lang='lat' dir='ltr'>olim,</span> <span class='ocrx_word' id='word_1_132' title='bbox 1801 1857 1875 1899; x_wconf 84' lang='lat' dir='ltr'>vel</span> 
     </span>
     <span class='ocr_line' id='line_1_18' title="bbox 53 1923 1874 1983; baseline 0 -15"><span class='ocrx_word' id='word_1_133' title='bbox 53 1925 207 1983; x_wconf 90' lang='lat' dir='ltr'>potius</span> <span class='ocrx_word' id='word_1_134' title='bbox 237 1948 307 1957; x_wconf 93' lang='lat'><strong>—</strong></span> <span class='ocrx_word' id='word_1_135' title='bbox 343 1939 450 1969; x_wconf 87' lang='lat' dir='ltr'>nam</span> <span class='ocrx_word' id='word_1_136' title='bbox 482 1924 692 1968; x_wconf 86' lang='lat' dir='ltr'>codicem</span> <span class='ocrx_word' id='word_1_137' title='bbox 722 1925 874 1982; x_wconf 90' lang='lat' dir='ltr'>ipsum</span> <span class='ocrx_word' id='word_1_138' title='bbox 905 1925 1074 1968; x_wconf 81' lang='lat' dir='ltr'>frustra</span> <span class='ocrx_word' id='word_1_139' title='bbox 1105 1924 1318 1982; x_wconf 87' lang='lat' dir='ltr'>quaesivi</span> <span class='ocrx_word' id='word_1_140' title='bbox 1357 1949 1426 1956; x_wconf 95' lang='lat'>—-</span> <span class='ocrx_word' id='word_1_141' title='bbox 1468 1923 1529 1968; x_wconf 91' lang='lat' dir='ltr'>ad</span> <span class='ocrx_word' id='word_1_142' title='bbox 1566 1924 1874 1982; x_wconf 80' lang='lat' dir='ltr'>apographon</span> 
     </span>
     <span class='ocr_line' id='line_1_19' title="bbox 54 1992 1875 2051; baseline -0.001 -12"><span class='ocrx_word' id='word_1_143' title='bbox 54 1995 153 2039; x_wconf 87' lang='lat' dir='ltr'>eius</span> <span class='ocrx_word' id='word_1_144' title='bbox 189 1994 366 2039; x_wconf 91' lang='lat' dir='ltr'>codicis</span> <span class='ocrx_word' id='word_1_145' title='bbox 397 1994 659 2039; x_wconf 80' lang='lat' dir='ltr'>consectum</span> <span class='ocrx_word' id='word_1_146' title='bbox 681 1995 736 2037; x_wconf 91' lang='lat' dir='ltr'>ab</span> <span class='ocrx_word' id='word_1_147' title='bbox 759 1995 861 2051; x_wconf 90' lang='lat' dir='ltr'>ipso</span> <span class='ocrx_word' id='word_1_148' title='bbox 883 1992 1139 2049; x_wconf 84' lang='lat' dir='ltr'>salmasio,</span> <span class='ocrx_word' id='word_1_149' title='bbox 1180 1993 1306 2050; x_wconf 89' lang='lat' dir='ltr'>quod</span> <span class='ocrx_word' id='word_1_150' title='bbox 1336 1997 1609 2039; x_wconf 82' lang='lat' dir='ltr'>asservatur</span> <span class='ocrx_word' id='word_1_151' title='bbox 1636 1994 1683 2037; x_wconf 90' lang='lat' dir='ltr'>in</span> <span class='ocrx_word' id='word_1_152' title='bbox 1713 1995 1875 2039; x_wconf 91' lang='lat' dir='ltr'>biblio-</span> 
     </span>
     <span class='ocr_line' id='line_1_20' title="bbox 54 2062 1876 2122; baseline 0 -14"><span class='ocrx_word' id='word_1_153' title='bbox 54 2063 187 2108; x_wconf 83' lang='lat' dir='ltr'>theca</span> <span class='ocrx_word' id='word_1_154' title='bbox 223 2064 351 2122; x_wconf 83' lang='lat' dir='ltr'>regia</span> <span class='ocrx_word' id='word_1_155' title='bbox 379 2063 666 2108; x_wconf 85' lang='lat' dir='ltr'>Monacensi.</span> <span class='ocrx_word' id='word_1_156' title='bbox 720 2062 859 2118; x_wconf 86' lang='lat' dir='ltr'>(cod.</span> <span class='ocrx_word' id='word_1_157' title='bbox 883 2064 958 2106; x_wconf 90' lang='lat' dir='ltr'>lat.</span> <span class='ocrx_word' id='word_1_158' title='bbox 981 2064 1166 2118; x_wconf 84' lang='lat'>10383.)</span> <span class='ocrx_word' id='word_1_159' title='bbox 1186 2062 1297 2108; x_wconf 80' lang='lat' dir='ltr'>Elus</span> <span class='ocrx_word' id='word_1_160' title='bbox 1331 2076 1420 2120; x_wconf 90' lang='lat' dir='ltr'>ope</span> <span class='ocrx_word' id='word_1_161' title='bbox 1450 2062 1562 2121; x_wconf 91' lang='lat' dir='ltr'>quid</span> <span class='ocrx_word' id='word_1_162' title='bbox 1590 2076 1713 2108; x_wconf 92' lang='lat' dir='ltr'>nunc</span> <span class='ocrx_word' id='word_1_163' title='bbox 1741 2077 1876 2121; x_wconf 89' lang='lat' dir='ltr'>prae-</span> 
     </span>
     <span class='ocr_line' id='line_1_21' title="bbox 56 2131 1874 2190; baseline 0.001 -13"><span class='ocrx_word' id='word_1_164' title='bbox 56 2138 178 2177; x_wconf 87' lang='lat' dir='ltr'>stare</span> <span class='ocrx_word' id='word_1_165' title='bbox 199 2137 392 2177; x_wconf 87' lang='lat' dir='ltr'>conatus</span> <span class='ocrx_word' id='word_1_166' title='bbox 416 2134 527 2190; x_wconf 87' lang='lat' dir='ltr'>sim,</span> <span class='ocrx_word' id='word_1_167' title='bbox 567 2133 716 2177; x_wconf 82' lang='lat' dir='ltr'>fusius</span> <span class='ocrx_word' id='word_1_168' title='bbox 746 2132 942 2190; x_wconf 85' lang='lat' dir='ltr'>exposui</span> <span class='ocrx_word' id='word_1_169' title='bbox 963 2131 1009 2175; x_wconf 92' lang='lat' dir='ltr'>in</span> <span class='ocrx_word' id='word_1_170' title='bbox 1029 2132 1352 2177; x_wconf 82' lang='lat' dir='ltr'>dissertatione</span> <span class='ocrx_word' id='word_1_171' title='bbox 1378 2131 1650 2190; x_wconf 90' lang='lat' dir='ltr'>propediem</span> <span class='ocrx_word' id='word_1_172' title='bbox 1673 2133 1874 2190; x_wconf 88' lang='lat' dir='ltr'>edenda,</span> 
     </span>
     <span class='ocr_line' id='line_1_22' title="bbox 56 2201 1875 2260; baseline 0.001 -14"><span class='ocrx_word' id='word_1_173' title='bbox 56 2201 116 2246; x_wconf 89' lang='lat' dir='ltr'>ad</span> <span class='ocrx_word' id='word_1_174' title='bbox 140 2215 276 2259; x_wconf 89' lang='lat' dir='ltr'>quam</span> <span class='ocrx_word' id='word_1_175' title='bbox 296 2203 522 2259; x_wconf 81' lang='lat' dir='ltr'>lectores,</span> <span class='ocrx_word' id='word_1_176' title='bbox 561 2202 600 2246; x_wconf 91' lang='lat' dir='ltr'>si</span> <span class='ocrx_word' id='word_1_177' title='bbox 622 2202 699 2258; x_wconf 92' lang='lat' dir='ltr'>qui</span> <span class='ocrx_word' id='word_1_178' title='bbox 720 2203 924 2247; x_wconf 89' lang='lat' dir='ltr'>rationes</span> <span class='ocrx_word' id='word_1_179' title='bbox 944 2214 1074 2247; x_wconf 90' lang='lat' dir='ltr'>meas</span> <span class='ocrx_word' id='word_1_180' title='bbox 1105 2202 1366 2246; x_wconf 85' lang='lat' dir='ltr'>accuratius</span> <span class='ocrx_word' id='word_1_181' title='bbox 1397 2215 1685 2260; x_wconf 84' lang='lat' dir='ltr'>cognoscere</span> <span class='ocrx_word' id='word_1_182' title='bbox 1714 2204 1875 2260; x_wconf 90' lang='lat' dir='ltr'>velint,</span> 
     </span>
     <span class='ocr_line' id='line_1_23' title="bbox 55 2270 1877 2330; baseline 0.002 -15"><span class='ocrx_word' id='word_1_183' title='bbox 55 2270 338 2329; x_wconf 86' lang='lat' dir='ltr'>relegandos</span> <span class='ocrx_word' id='word_1_184' title='bbox 365 2277 495 2330; x_wconf 88' lang='lat' dir='ltr'>puto.</span> <span class='ocrx_word' id='word_1_185' title='bbox 547 2271 664 2315; x_wconf 92' lang='lat' dir='ltr'>Huic</span> <span class='ocrx_word' id='word_1_186' title='bbox 684 2272 962 2330; x_wconf 74' lang='lat' dir='ltr'>praelationi</span> <span class='ocrx_word' id='word_1_187' title='bbox 995 2271 1044 2316; x_wconf 90' lang='lat' dir='ltr'>id</span> <span class='ocrx_word' id='word_1_188' title='bbox 1064 2272 1214 2315; x_wconf 85' lang='lat' dir='ltr'>solum</span> <span class='ocrx_word' id='word_1_189' title='bbox 1244 2271 1581 2316; x_wconf 88' lang='lat' dir='ltr'>reservandum</span> <span class='ocrx_word' id='word_1_190' title='bbox 1609 2273 1788 2330; x_wconf 87' lang='lat' dir='ltr'>putavi,</span> <span class='ocrx_word' id='word_1_191' title='bbox 1830 2277 1877 2318; x_wconf 86' lang='lat' dir='ltr'>ut</span> 
     </span>
     <span class='ocr_line' id='line_1_24' title="bbox 58 2340 1875 2400; baseline 0.001 -15"><span class='ocrx_word' id='word_1_192' title='bbox 58 2353 194 2398; x_wconf 88' lang='lat' dir='ltr'>quam</span> <span class='ocrx_word' id='word_1_193' title='bbox 230 2341 507 2387; x_wconf 87' lang='lat' dir='ltr'>brevissime</span> <span class='ocrx_word' id='word_1_194' title='bbox 543 2340 645 2385; x_wconf 90' lang='lat' dir='ltr'>fieri</span> <span class='ocrx_word' id='word_1_195' title='bbox 682 2347 844 2399; x_wconf 87' lang='lat' dir='ltr'>posset</span> <span class='ocrx_word' id='word_1_196' title='bbox 871 2347 916 2386; x_wconf 88' lang='lat' dir='ltr'>et</span> <span class='ocrx_word' id='word_1_197' title='bbox 948 2341 1006 2385; x_wconf 91' lang='lat' dir='ltr'>de</span> <span class='ocrx_word' id='word_1_198' title='bbox 1041 2341 1218 2386; x_wconf 88' lang='lat' dir='ltr'>codicis</span> <span class='ocrx_word' id='word_1_199' title='bbox 1246 2342 1368 2386; x_wconf 91' lang='lat' dir='ltr'>illius</span> <span class='ocrx_word' id='word_1_200' title='bbox 1401 2341 1715 2400; x_wconf 85' lang='lat' dir='ltr'>discrepantia</span> <span class='ocrx_word' id='word_1_201' title='bbox 1742 2346 1785 2386; x_wconf 89' lang='lat' dir='ltr'>et</span> <span class='ocrx_word' id='word_1_202' title='bbox 1816 2343 1875 2387; x_wconf 86' lang='lat' dir='ltr'>de</span> 
     </span>
     <span class='ocr_line' id='line_1_25' title="bbox 57 2408 1873 2469; baseline 0.001 -15"><span class='ocrx_word' id='word_1_203' title='bbox 57 2408 459 2456; x_wconf 82' lang='lat' dir='ltr'>emendationibus</span> <span class='ocrx_word' id='word_1_204' title='bbox 500 2424 527 2455; x_wconf 91' lang='lat' dir='ltr'>a</span> <span class='ocrx_word' id='word_1_205' title='bbox 563 2423 635 2454; x_wconf 91' lang='lat' dir='ltr'>me</span> <span class='ocrx_word' id='word_1_206' title='bbox 672 2413 873 2469; x_wconf 88' lang='lat' dir='ltr'>receptis</span> <span class='ocrx_word' id='word_1_207' title='bbox 914 2413 1110 2455; x_wconf 86' lang='lat' dir='ltr'>lectores</span> <span class='ocrx_word' id='word_1_208' title='bbox 1153 2424 1414 2468; x_wconf 86' lang='lat' dir='ltr'>monerem,</span> <span class='ocrx_word' id='word_1_209' title='bbox 1463 2412 1538 2456; x_wconf 91' lang='lat' dir='ltr'>his</span> <span class='ocrx_word' id='word_1_210' title='bbox 1574 2412 1694 2457; x_wconf 91' lang='lat' dir='ltr'>notis</span> <span class='ocrx_word' id='word_1_211' title='bbox 1734 2423 1873 2457; x_wconf 89' lang='lat' dir='ltr'>usus:</span> 
     </span>
    </p>
   </div>
   <div class='ocr_carea' id='block_1_4' title="bbox 54 2477 1877 2735">
    <p class='ocr_par' dir='ltr' id='par_1_5' title="bbox 54 2477 1877 2735">
     <span class='ocr_line' id='line_1_26' title="bbox 58 2477 1876 2526; baseline -0.001 -2"><span class='ocrx_word' id='word_1_212' title='bbox 58 2477 91 2524; x_wconf 92' lang='lat' dir='ltr'>C</span> <span class='ocrx_word' id='word_1_213' title='bbox 124 2498 195 2520; x_wconf 66' lang='grc' dir='ltr'>Ξ</span> <span class='ocrx_word' id='word_1_214' title='bbox 233 2479 337 2524; x_wconf 88' lang='lat' dir='ltr'>cod.</span> <span class='ocrx_word' id='word_1_215' title='bbox 375 2480 697 2524; x_wconf 87' lang='lat' dir='ltr'>Monacensis:</span> <span class='ocrx_word' id='word_1_216' title='bbox 733 2482 766 2525; x_wconf 91' lang='lat' dir='ltr'>P</span> <span class='ocrx_word' id='word_1_217' title='bbox 802 2500 873 2522; x_wconf 84' lang='lat'><strong><em>=</em></strong></span> <span class='ocrx_word' id='word_1_218' title='bbox 909 2481 1202 2525; x_wconf 87' lang='lat' dir='ltr'>Perizonius:</span> <span class='ocrx_word' id='word_1_219' title='bbox 1243 2481 1282 2525; x_wconf 92' lang='lat' dir='ltr'>H</span> <span class='ocrx_word' id='word_1_220' title='bbox 1317 2498 1390 2520; x_wconf 89' lang='lat'><strong><em>=</em></strong></span> <span class='ocrx_word' id='word_1_221' title='bbox 1425 2482 1670 2526; x_wconf 82' lang='lat' dir='ltr'>Heinsius:</span> <span class='ocrx_word' id='word_1_222' title='bbox 1722 2482 1768 2526; x_wconf 89' lang='lat' dir='ltr'>M</span> <span class='ocrx_word' id='word_1_223' title='bbox 1804 2500 1876 2522; x_wconf 67' lang='grc' dir='ltr'><strong>Ξ</strong></span> 
     </span>
     <span class='ocr_line' id='line_1_27' title="bbox 54 2548 1876 2597; baseline 0.002 -6"><span class='ocrx_word' id='word_1_224' title='bbox 54 2548 365 2594; x_wconf 86' lang='lat' dir='ltr'>Munckerus:</span> <span class='ocrx_word' id='word_1_225' title='bbox 411 2550 446 2593; x_wconf 93' lang='lat' dir='ltr'><strong>F</strong></span> <span class='ocrx_word' id='word_1_226' title='bbox 481 2567 552 2590; x_wconf 89' lang='lat'>==</span> <span class='ocrx_word' id='word_1_227' title='bbox 587 2549 960 2595; x_wconf 88' lang='lat' dir='ltr'>Freinshemius:</span> <span class='ocrx_word' id='word_1_228' title='bbox 1010 2551 1045 2594; x_wconf 95' lang='lat' dir='ltr'>D</span> <span class='ocrx_word' id='word_1_229' title='bbox 1080 2567 1152 2588; x_wconf 92' lang='lat'><strong><em>=</em></strong></span> <span class='ocrx_word' id='word_1_230' title='bbox 1186 2549 1428 2596; x_wconf 88' lang='lat' dir='ltr'>Dukerus:</span> <span class='ocrx_word' id='word_1_231' title='bbox 1479 2551 1595 2597; x_wconf 88' lang='lat' dir='ltr'>Dav.</span> <span class='ocrx_word' id='word_1_232' title='bbox 1635 2570 1705 2591; x_wconf 70' lang='grc' dir='ltr'>ετ.</span> <span class='ocrx_word' id='word_1_233' title='bbox 1734 2551 1876 2595; x_wconf 82' lang='lat' dir='ltr'>Davi-</span> 
     </span>
     <span class='ocr_line' id='line_1_28' title="bbox 58 2617 1874 2678; baseline 0.001 -17"><span class='ocrx_word' id='word_1_234' title='bbox 58 2617 181 2661; x_wconf 88' lang='lat' dir='ltr'>sius:</span> <span class='ocrx_word' id='word_1_235' title='bbox 220 2618 256 2662; x_wconf 92' lang='lat' dir='ltr'>T</span> <span class='ocrx_word' id='word_1_236' title='bbox 279 2637 350 2660; x_wconf 68' lang='grc' dir='ltr'>Ξ</span> <span class='ocrx_word' id='word_1_237' title='bbox 371 2618 718 2663; x_wconf 86' lang='lat' dir='ltr'>Tzschuckius:</span> <span class='ocrx_word' id='word_1_238' title='bbox 759 2620 796 2663; x_wconf 91' lang='lat' dir='ltr'>E</span> <span class='ocrx_word' id='word_1_239' title='bbox 817 2639 887 2661; x_wconf 75' lang='lat' dir='ltr'>z:</span> <span class='ocrx_word' id='word_1_240' title='bbox 910 2620 1114 2665; x_wconf 83' lang='lat' dir='ltr'>editores</span> <span class='ocrx_word' id='word_1_241' title='bbox 1137 2633 1299 2665; x_wconf 87' lang='lat' dir='ltr'>omnes</span> <span class='ocrx_word' id='word_1_242' title='bbox 1329 2626 1587 2678; x_wconf 88' lang='lat' dir='ltr'>praeeunte</span> <span class='ocrx_word' id='word_1_243' title='bbox 1616 2619 1874 2665; x_wconf 84' lang='lat' dir='ltr'>Salmasio:</span> 
     </span>
     <span class='ocr_line' id='line_1_29' title="bbox 57 2685 1877 2735; baseline 0.001 -4"><span class='ocrx_word' id='word_1_244' title='bbox 57 2685 89 2731; x_wconf 88' lang='lat' dir='ltr'>S</span> <span class='ocrx_word' id='word_1_245' title='bbox 126 2705 196 2727; x_wconf 83' lang='lat'>=</span> <span class='ocrx_word' id='word_1_246' title='bbox 235 2686 521 2732; x_wconf 84' lang='lat' dir='ltr'>Salmasius:</span> <span class='ocrx_word' id='word_1_247' title='bbox 575 2687 639 2731; x_wconf 93' lang='lat' dir='ltr'>W</span> <span class='ocrx_word' id='word_1_248' title='bbox 672 2707 743 2729; x_wconf 67' lang='grc' dir='ltr'>Ξ</span> <span class='ocrx_word' id='word_1_249' title='bbox 781 2688 1048 2734; x_wconf 74' lang='lat' dir='ltr'>WoelfflIn:</span> <span class='ocrx_word' id='word_1_250' title='bbox 1096 2689 1172 2734; x_wconf 88' lang='lat' dir='ltr'>ubi</span> <span class='ocrx_word' id='word_1_251' title='bbox 1210 2691 1382 2735; x_wconf 89' lang='lat' dir='ltr'>nullam</span> <span class='ocrx_word' id='word_1_252' title='bbox 1419 2690 1585 2735; x_wconf 88' lang='lat' dir='ltr'>harum</span> <span class='ocrx_word' id='word_1_253' title='bbox 1623 2690 1877 2733; x_wconf 82' lang='lat' dir='ltr'>litterarum</span> 
     </span>
    </p>
   </div>
   <div class='ocr_carea' id='block_1_5' title="bbox 57 2754 1877 2885">
    <p class='ocr_par' dir='ltr' id='par_1_6' title="bbox 57 2754 1877 2885">
     <span class='ocr_line' id='line_1_30' title="bbox 57 2754 1877 2815; baseline 0.002 -16"><span class='ocrx_word' id='word_1_254' title='bbox 57 2754 341 2814; x_wconf 86' lang='lat' dir='ltr'>adscriptam</span> <span class='ocrx_word' id='word_1_255' title='bbox 384 2757 625 2813; x_wconf 62' lang='lat' dir='ltr'>invenies,</span> <span class='ocrx_word' id='word_1_256' title='bbox 677 2757 990 2815; x_wconf 80' lang='lat' dir='ltr'>discrepantia</span> <span class='ocrx_word' id='word_1_257' title='bbox 1040 2760 1085 2802; x_wconf 93' lang='lat' dir='ltr'>in</span> <span class='ocrx_word' id='word_1_258' title='bbox 1136 2760 1424 2815; x_wconf 82' lang='lat' dir='ltr'>praefatione</span> <span class='ocrx_word' id='word_1_259' title='bbox 1478 2764 1633 2803; x_wconf 87' lang='lat' dir='ltr'>notata</span> <span class='ocrx_word' id='word_1_260' title='bbox 1681 2758 1877 2813; x_wconf 89' lang='lat' dir='ltr'>codicis,</span> 
     </span>
     <span class='ocr_line' id='line_1_31' title="bbox 58 2824 1507 2885; baseline 0.004 -19"><span class='ocrx_word' id='word_1_261' title='bbox 58 2824 320 2870; x_wconf 86' lang='lat' dir='ltr'>emendatio</span> <span class='ocrx_word' id='word_1_262' title='bbox 355 2827 401 2870; x_wconf 91' lang='lat' dir='ltr'>in</span> <span class='ocrx_word' id='word_1_263' title='bbox 433 2827 643 2871; x_wconf 87' lang='lat' dir='ltr'>ordinem</span> <span class='ocrx_word' id='word_1_264' title='bbox 674 2829 921 2872; x_wconf 84' lang='lat' dir='ltr'>verborum</span> <span class='ocrx_word' id='word_1_265' title='bbox 952 2832 1140 2885; x_wconf 84' lang='lat' dir='ltr'>recepta</span> <span class='ocrx_word' id='word_1_266' title='bbox 1176 2827 1393 2872; x_wconf 85' lang='lat' dir='ltr'>Salmasii</span> <span class='ocrx_word' id='word_1_267' title='bbox 1425 2834 1507 2872; x_wconf 86' lang='lat' dir='ltr'>est.</span> 
     </span>
    </p>
   </div>
   <div class='ocr_carea' id='block_1_6' title="bbox 196 2888 1878 2963">
    <p class='ocr_par' dir='ltr' id='par_1_7' title="bbox 196 2888 1878 2963">
     <span class='ocr_line' id='line_1_32' title="bbox 196 2888 1878 2963; baseline 0.002 -26"><span class='ocrx_word' id='word_1_268' title='bbox 196 2895 311 2953; x_wconf 80' lang='lat' dir='ltr'>Pag.</span> <span class='ocrx_word' id='word_1_269' title='bbox 347 2892 390 2956; x_wconf 88' lang='lat'>1,</span> <span class='ocrx_word' id='word_1_270' title='bbox 419 2899 446 2943; x_wconf 88' lang='grc'><strong>9</strong></span> <span class='ocrx_word' id='word_1_271' title='bbox 476 2900 612 2941; x_wconf 71' lang='lat' dir='ltr'>extra</span> <span class='ocrx_word' id='word_1_272' title='bbox 643 2907 730 2953; x_wconf 81' lang='lat' dir='ltr'>que</span> <span class='ocrx_word' id='word_1_273' title='bbox 765 2888 787 2960; x_wconf 82' lang='grc' dir='ltr'>Η</span> <span class='ocrx_word' id='word_1_274' title='bbox 825 2899 875 2944; x_wconf 89' lang='grc'>17</span> <span class='ocrx_word' id='word_1_275' title='bbox 910 2909 1026 2955; x_wconf 78' lang='lat' dir='ltr'>quae</span> <span class='ocrx_word' id='word_1_276' title='bbox 1060 2910 1150 2941; x_wconf 87' lang='lat' dir='ltr'>om.</span> <span class='ocrx_word' id='word_1_277' title='bbox 1188 2889 1210 2960; x_wconf 73' lang='lat' dir='ltr'>{l</span> <span class='ocrx_word' id='word_1_278' title='bbox 1246 2901 1303 2943; x_wconf 77' lang='lat'>20</span> <span class='ocrx_word' id='word_1_279' title='bbox 1331 2898 1534 2955; x_wconf 82' lang='lat' dir='ltr'>obliquus</span> <span class='ocrx_word' id='word_1_280' title='bbox 1560 2898 1597 2943; x_wconf 94' lang='lat' dir='ltr'>E</span> <span class='ocrx_word' id='word_1_281' title='bbox 1634 2891 1656 2963; x_wconf 80' lang='grc' dir='ltr'>Η</span> <span class='ocrx_word' id='word_1_282' title='bbox 1713 2903 1768 2945; x_wconf 77' lang='lat'>21</span> <span class='ocrx_word' id='word_1_283' title='bbox 1796 2910 1878 2942; x_wconf 84' lang='lat' dir='ltr'>an·</span> 
     </span>
    </p>
   </div>
   <div class='ocr_carea' id='block_1_7' title="bbox 55 2955 1533 3080">
    <p class='ocr_par' dir='ltr' id='par_1_8' title="bbox 55 2955 1533 3080">
     <span class='ocr_line' id='line_1_33' title="bbox 55 2955 1533 3062; baseline 0.003 -56"><span class='ocrx_word' id='word_1_284' title='bbox 55 2975 163 3007; x_wconf 84' lang='lat' dir='ltr'>num</span> <span class='ocrx_word' id='word_1_285' title='bbox 187 2955 209 3028; x_wconf 78' lang='grc' dir='ltr'>Η</span> <span class='ocrx_word' id='word_1_286' title='bbox 234 2968 288 3011; x_wconf 74' lang='lat'>25</span> <span class='ocrx_word' id='word_1_287' title='bbox 307 2979 398 3023; x_wconf 79' lang='lat' dir='ltr'>qua</span> <span class='ocrx_word' id='word_1_288' title='bbox 418 2977 565 3025; x_wconf 80' lang='lat' dir='ltr'>aquae</span> <span class='ocrx_word' id='word_1_289' title='bbox 589 2957 613 3029; x_wconf 65' lang='grc' dir='ltr'>ΙΙ</span> <span class='ocrx_word' id='word_1_290' title='bbox 1506 3031 1533 3062; x_wconf 62' lang='lat'>*</span> 
     </span>
     <span class='ocr_line' id='line_1_34' title="bbox 1461 3049 1487 3080; baseline 0 0"><span class='ocrx_word' id='word_1_291' title='bbox 1461 3049 1487 3080; x_wconf 91' lang='lat' dir='ltr'>a</span> 
     </span>
    </p>
   </div>
  </div>
 </body>
</html>
