2020 3168
644 178 689 247 1,
716 178 1245 252 13—127118—24]·
1712 181 1778 242 21

483 316 669 370 XVII.
713 316 819 369 DE
855 314 1402 379 SEDITIONIBVS.

250 455 404 515 Haec
428 463 511 509 est
530 454 767 517 secunda
784 462 934 507 aetas
952 455 1140 525 populi
1150 453 1382 517 Romani
1399 459 1455 507 et
1474 455 1631 524 quasi
1650 454 1778 517 adu·
1799 459 1868 512 22

111 526 397 593 lescentia,
434 542 542 596 qua
570 524 806 589 maxime
843 525 1010 578 viruit
1039 531 1093 577 et
1122 524 1358 595 quodam
1393 521 1526 576 flore
1563 523 1781 576 virtutis

113 595 317 648 exarsit
334 612 401 648 ac
417 593 639 654 ferbuit.
659 593 738 654 ita
792 611 893 646 uae
913 594 1088 654 inerat
1112 593 1378 664 quaedam
1399 590 1577 654 adhuc
1596 610 1668 650 ex
1691 611 1782 663 pa-

72 682 93 716 s
113 663 348 717 storibus
376 662 591 729 feritas,
628 661 886 732 quidam
915 661 1127 734 [adhuc]
1165 661 1408 733 spirabat
1443 660 1780 725 indomitum.

54 763 58 766 >
110 732 241 794 inde
259 738 369 798 est,
400 730 547 801 quod
577 731 849 792 exercitus
867 730 1206 783 Postumium
1224 732 1628 800 imperatorem,
1663 730 1779 782 infi-
1796 743 1823 783 2

110 801 336 860 tiantem
365 817 499 882 quas
532 799 857 869 promiserat
883 798 1141 869 praedas,
1171 798 1319 857 facta
1343 799 1401 851 in
1420 799 1613 855 castris
1643 799 1783 851 sedi-

110 870 258 922 tione
271 868 572 939 ‘lapidavit3
606 866 752 939 quod
780 866 882 921 sub
901 868 1081 938 Appio
1110 867 1342 921 Claudio
1370 866 1546 919 noluit
1563 868 1781 932 vincere

111 938 344 1004 hostem,
363 955 486 990 cum
543 944 716 1005 osset3
739 937 885 1008 quod
904 936 1041 989 duce
1060 937 1334 990 Volerone
1356 931 1780 1000 detractantibus

58 1029 99 1061 10
112 1007 386 1078 plerisque
420 955 692 1074 militiam,
725 1006 885 1059 fracti
903 1005 1139 1059 consulis
1159 1006 1355 1058 fasces·
1403 1004 1530 1057 inde
1552 1005 1782 1057 clarissi-
1799 1007 1825 1049 3

111 1094 228 1130 mos
247 1077 422 1146 princi
462 1093 547 1142 es,
577 1076 724 1147 quod
738 1075 1157 1128 adversarentur
1182 1075 1451 1137 voluntati
1469 1092 1622 1141 suae,
1655 1088 1782 1126 exu-
1856 1090 1859 1093 ·

113 1145 392 1199 lationem
450 1145 611 1210 tavit,
643 1153 705 1198 ut
726 1144 1076 1198 Coriolanum
1112 1144 1289 1197 colere
1317 1161 1478 1225 agros
1510 1143 1785 1208 iubentem

110 1246 183 1257 --
210 1232 311 1267 nec
338 1214 516 1266 minus
545 1213 639 1266 ille
668 1213 923 1267 ferociter
951 1214 1204 1266 iniuriam
1242 1231 1406 1266 armis
1432 1212 1781 1279 vindicasset,

112 1284 221 1336 nisi
246 1282 393 1353 quod
419 1283 528 1335 iam
563 1282 887 1335 inferentem
937 1285 1094 1352 signa
1131 1282 1303 1336 filium
1340 1288 1511 1335 mater
1557 1282 1785 1343 Veturia

61 1365 101 1398 1⁵
114 1352 351 1410 lacrimis
381 1352 495 1403 suis
528 1352 856 1419 exarmavit3
886 1383 958 1392 —·
984 1359 1046 1404 ut
1073 1353 1252 1421 ipsum
1284 1351 1595 1417 Camillum,
1640 1351 1828 1421 quod4

114 1422 298 1491 inique
334 1421 476 1472 inter
517 1419 734 1489 plebem
776 1428 829 1472 et
867 1422 1166 1472 exercitum
1211 1420 1464 1473 divisisse
1500 1420 1785 1485 Veientem

113 1489 372 1561 praedam
405 1487 701 1542 videretur.
756 1489 854 1542 sed
871 1489 960 1550 hic
995 1488 1186 1542 melior
1210 1488 1343 1541 Veis
1379 1489 1436 1539 in
1472 1496 1629 1558 capta
1646 1489 1782 1540 urbe

114 1559 398 1612 consenuit
434 1565 488 1610 et
515 1575 646 1611 mox
672 1558 944 1629 supplices
977 1558 1045 1611 de
1082 1558 1238 1611 hoste
1271 1557 1431 1610 Gallo
1463 1557 1781 1621 vindicavit.

115 1647 236 1681 cum
264 1634 455 1680 senatu
489 1644 703 1698 quoque
731 1627 1104 1691 vehementius
1133 1645 1306 1698 aequo
1337 1626 1587 1696 bonoque
1616 1634 1782 1692 certa-
1800 1640 1826 1681 5

57 1718 100 1750 20
113 1705 228 1751 tum
247 1704 354 1765 est,
375 1696 510 1750 adeo
526 1704 588 1749 ut
604 1696 807 1750 relictis
828 1696 1049 1750 sedibus
1075 1696 1421 1749 solitudinem
1439 1703 1492 1748 et
1509 1697 1784 1748 interitum

113 1767 321 1837 patriae
343 1783 471 1818 suae
490 1766 802 1820 minaretur.

254 1834 439 1887 Prima
468 1835 741 1888 discordia
768 1836 838 1888 ob
868 1836 925 1899 in
965 1837 1222 1901 otentiam
1252 1835 1634 1888 feneratorum.
1674 1836 1787 1905 qui·
1807 1837 1876 1889 23

115 1904 218 1956 bus
251 1905 311 1955 in
337 1910 494 1972 terga
526 1922 740 1975 quoque
772 1906 913 1958 serv'
942 1906 1042 1968 fter
1070 1904 1436 1967 saevientibus
1449 1945 1464 1971 ,
1494 1906 1552 1957 in
1572 1922 1785 1957 sacrum

115 1980 351 2025 montem
382 1972 538 2043 plebs
569 1981 776 2025 armata
805 1975 1030 2035 secessit
1052 1992 1214 2044 aegre
1253 1992 1345 2040 ue,
1370 1992 1471 2026 nec
1488 1974 1597 2026 nisi
1615 1973 1783 2026 tribu-

59 2057 101 2088 25
116 2060 216 2095 nos
235 2043 601 2112 impetrasset,
638 2042 858 2095 Meneni
873 2043 1178 2114 Agrippae,
1237 2043 1434 2106 acundi
1453 2050 1507 2096 et
1526 2044 1784 2112 sapientis

113 2112 246 2178 viri,
279 2112 598 2164 auctoritate
634 2119 889 2164 revocata
920 2119 1020 2165 est.
1072 2119 1223 2175 extat
1249 2113 1506 2177 orationis
1530 2113 1784 2182 antiquae
1799 2120 1827 2160 2

118 2183 248 2233 satis
268 2180 467 2233 efficax
483 2180 555 2233 ad
573 2181 917 2234 concordiam
934 2180 1146 2248 fabula,
1173 2199 1280 2263 qua
1298 2179 1593 2234 dissedisse
1619 2199 1784 2251 quon·

118 2250 243 2302 dam
261 2248 523 2302 humanos
546 2249 687 2303 dixit
704 2258 853 2313 artus
862 2291 877 2317 ,
902 2251 1047 2321 quod
1066 2250 1314 2303 omnibus
1334 2268 1495 2320 opere
1514 2250 1611 2302 fun
1653 2251 1785 2302 enti-

115 2318 218 2370 bus
249 2317 396 2371 solus
426 2325 616 2370 venter
634 2320 869 2383 inmunis
889 2328 1100 2388 ageret3
1137 2319 1332 2373 deinde
1350 2318 1602 2372 moribun
1643 2335 1702 2371 os
1723 2336 1787 2370 ea

62 2404 103 2437 30
121 2388 453 2440 seiunctione
477 2387 685 2440 redisse
717 2390 775 2441 in
802 2391 1059 2458 gratiam,
1091 2389 1305 2460 quando
1326 2389 1622 2441 sensissent
1639 2387 1786 2459 quod

120 2457 233 2508 eius
255 2474 418 2526 opera
432 2456 666 2508 redactis
686 2459 743 2510 in
769 2460 1088 2527 sanguinem
1112 2458 1249 2511 cibis
1274 2458 1657 2527 inrigarentur.

259 2524 562 2578 Secundam
584 2527 642 2577 in
670 2526 805 2580 urbe
832 2527 1013 2580 media
1042 2527 1437 2580 decemviratus
1463 2526 1633 2579 libido
1663 2544 1785 2578 con·
1804 2522 1876 2575 24

115 2594 286 2647 flavit.
330 2595 540 2647 adlatas
561 2612 594 2645 a
615 2594 845 2649 Graecia
865 2596 1014 2665 leges
1044 2597 1231 2649 decem
1257 2596 1531 2666 principes
1552 2594 1678 2648 lecti
1706 2596 1783 2646 iu-

116 2662 278 2717 bente
336 2682 366 2715 o
406 2663 496 2715 ulo
518 2666 974 2734 conscripserant,
1001 2666 1354 2735 ordinataque
1375 2672 1490 2717 erat
1510 2666 1566 2716 in
1585 2663 1785 2717 duode-

62 2752 103 2785 35
120 2733 226 2784 cim
238 2739 295 2783 ta
334 2682 440 2784 ulis
458 2740 572 2784 tota
589 2734 818 2799 iustitia,
844 2752 966 2786 eum
993 2742 1174 2786 tamen
1192 2735 1418 2786 traditos
1438 2734 1613 2785 fasces
1632 2733 1784 2802 regio

120 2801 354 2869 quodam
371 2800 553 2853 furore
571 2802 891 2854 retinebant.
946 2811 1070 2856 ante
1091 2812 1297 2855 ceteros
1315 2803 1526 2872 Appius
1548 2819 1609 2853 eo
1640 2802 1782 2853 inso·
1798 2807 1827 2847 2

120 2866 317 2922 lentiae
336 2868 509 2923 elatus
531 2877 638 2938 est,
658 2877 719 2922 ut
742 2871 1032 2941 ingenuam
1050 2873 1317 2940 virginem
1344 2879 1527 2941 stupro
1549 2870 1782 2923 destina·
