2020 3168
786 206 843 274 1,
869 206 930 258 18
951 204 1031 277 [11,
1055 204 1126 275 21.
1255 266 1257 268 ,
1721 208 1790 259 25

126 354 255 414 tum,
285 347 343 399 in
362 362 543 416 quem,
575 345 683 396 nisi
706 345 998 414 paruisset,
1032 343 1207 395 securi
1227 343 1482 396 destricta
1498 343 1570 395 im
1610 349 1787 395 erator

126 423 274 469 metu
289 415 476 467 mortis
494 413 789 483 navigandi
809 412 936 465 fecit
958 411 1254 464 au‘daciam.
1293 429 1422 465 mox
1440 411 1565 464 dein
1606 429 1635 463 e
1655 428 1785 463 ven·
1806 413 1867 455 18

123 486 193 537 tis
211 485 479 554 remisque
496 489 839 564 properatum
859 488 962 548 est,
983 487 1270 551 tantusque
1286 487 1461 533 terror
1478 480 1673 533 hostici
1693 480 1785 532 ad-

126 560 320 606 ventus
341 552 539 604 Poems
570 551 698 616 fuit,
729 557 788 603 ut
807 568 839 602 a
878 551 1005 602 ertis
1024 567 1193 619 paene
1252 550 1384 602 ortis
1406 548 1678 618 Carthago
1701 566 1784 601 ca-

85 637 107 669 5
124 628 355 692 peretur.
425 621 719 672 rooemium
738 619 826 671 bel
850 637 869 670 1
887 618 990 670 fuit
1008 619 1199 670 civitas
1286 618 1298 630 ‘
1341 635 1430 685 ea3
1450 619 1624 688 prima
1644 619 1787 670 enim
1804 620 1865 662 19¹

124 709 157 742 a
175 638 556 742 Punicolitore
576 689 730 758 quasi
749 705 849 738 arx
868 694 921 738 et
950 687 1168 756 specula
1186 704 1282 756 pro
1317 688 1470 738 urrit.
1513 693 1564 739 et
1581 686 1715 739 haec
1735 694 1788 738 et

44 773 48 777 ’
121 764 362 811 trecenta
379 755 608 826 amplius
638 755 860 806 castella
878 761 1089 806 vastata
1119 761 1259 806 sunt.
1296 772 1396 806 nec
1416 772 1539 806 cum
1563 754 1787 807 homini·
1803 762 1868 804 20

121 827 224 880 bus
235 865 251 892 ,
274 825 370 877 sed
390 842 512 876 cum
529 825 782 877 monstris
803 840 1014 893 quoque
1035 822 1345 875 dimicatum
1364 830 1469 889 est,
1492 840 1614 875 cum
1632 824 1788 894 quasi

121 897 180 947 in
206 893 503 947 vindictam
531 892 752 945 Africae
781 899 908 944 nata
936 893 1104 943 mirae
1135 891 1525 961 magnitudinis
1566 909 1787 962 serpens

68 987 110 1021 ιο
124 981 194 1033 po
201 964 304 1015 sita
331 970 460 1032 aput
478 962 784 1030 Bagradam
802 967 979 1013 castra
995 962 1296 1012 vexaverit.
1345 968 1426 1012 set
1447 962 1683 1014 omnium
1709 961 1787 1012 vi·
1805 960 1859 1000 21

126 1039 241 1085 ctor
258 1030 499 1100 Regulus
520 1048 641 1082 cum
662 1037 922 1083 terrorem
941 1030 1171 1082 nominis
1197 1031 1282 1081 sui
1309 1029 1415 1081 late
1436 1029 1789 1081 circumtulis-

125 1108 206 1160 set
234 1118 460 1171 cumque
486 1117 737 1168 magnam
769 1100 882 1151 vim
912 1100 1209 1151 iuventutis
1237 1098 1510 1169 ducesque
1527 1100 1676 1168 ipsos
1698 1105 1790 1150 aut

124 1170 409 1222 cecidisset
438 1176 530 1220 aut
559 1168 780 1220 haberet
817 1169 875 1218 in
906 1167 1138 1219 vinculis
1148 1207 1163 1234 ,
1208 1167 1542 1238 classemque
1580 1168 1789 1236 ingenti

122 1237 325 1309 praeda
354 1245 600 1289 onustam
628 1244 680 1288 et
710 1235 981 1306 triumpho
1054 1254 1239 1288 ravem
1269 1238 1326 1288 in
1343 1236 1534 1289 urbem
1599 1237 1787 1288 raemi-

69 1325 108 1360 15
123 1308 306 1371 sisset,
336 1307 443 1357 iam
461 1308 634 1375 ipsam
653 1312 812 1375 caput
843 1304 974 1357 belli
1042 1304 1379 1375 arthaginem
1406 1322 1579 1374 urgue
1619 1313 1674 1357 at
1693 1304 1784 1357 ob-

122 1375 259 1428 sidio
283 1375 524 1444 ipsisque
549 1375 718 1443 portis
748 1373 1079 1425 inhaerebat.
1127 1373 1216 1425 hic
1247 1373 1526 1443 paululum
1561 1375 1783 1426 circum-
1802 1379 1864 1418 22

120 1450 240 1496 acta
256 1443 474 1495 fortuna
492 1451 589 1508 est,
609 1449 818 1494 tantum
834 1449 894 1494 ut
911 1441 1070 1511 plura
1082 1450 1263 1494 essent
1274 1443 1548 1494 Romanae
1568 1443 1784 1494 virtutis

119 1513 369 1581 insignia,
389 1513 540 1563 cuius
560 1512 674 1563 fere
692 1510 1004 1580 magnitudo
1020 1510 1414 1563 calamitatibus
1436 1510 1782 1579 adprobatur.

118 1599 244 1632 nam
273 1581 548 1633 conversis
589 1580 659 1632 ad
686 1583 911 1632 externa
939 1579 1144 1631 auxilia
1169 1579 1416 1633 hostibus
1429 1619 1444 1647 ,
1486 1597 1609 1631 cum
1636 1579 1785 1631 Xan·
1802 1585 1866 1628 23

66 1667 110 1700 20
120 1650 363 1719 thippum
381 1649 488 1701 illis
509 1649 699 1701 ducem
710 1649 1084 1701 Lacedaemon
1097 1650 1348 1715 misisset,
1370 1666 1403 1700 a
1420 1649 1539 1700 viro
1561 1648 1786 1700 militiae

118 1719 442 1788 peritissimo
468 1719 735 1770 vincimur
762 1718 924 1771 foeda
952 1717 1105 1770 clade
1124 1718 1486 1799 Romanisque
1514 1735 1619 1769 usu
1642 1718 1786 1770 inco-

120 1788 298 1856 gnita:
324 1788 483 1838 vivus
504 1788 561 1839 in
579 1805 769 1839 manus
789 1787 1024 1840 hostium
1043 1788 1194 1839 venit
1212 1786 1539 1840 fortissimus
1559 1787 1787 1856 impera-

120 1865 220 1908 tor.
272 1855 368 1907 sed
396 1855 487 1907 ille
508 1856 726 1927 quidem
749 1874 847 1925 par
865 1863 1047 1908 tantae
1072 1856 1365 1908 calamitati
1386 1855 1513 1923 fuit3
1542 1873 1669 1907 nam
1686 1873 1787 1907 nec

121 1924 326 1976 Punico
365 1942 580 1977 carcere
629 1924 891 1977 infractus
935 1931 1017 1977 est
1057 1943 1158 1978 nec
1197 1924 1466 1994 legatione
1514 1931 1784 1994 suscepta.

63 2013 107 2046 25
157 1993 320 2062 uippe
342 1992 559 2044 diversa
587 2011 746 2063 quam
774 1993 944 2046 hostis
961 1994 1313 2046 mandaverat
1332 1994 1558 2060 censuit,
1587 2011 1656 2046 ne
1675 2011 1786 2063 pax
1801 2006 1864 2045 24

161 2069 288 2128 eret,
325 2079 394 2113 ne
423 2063 764 2115 commutatio
796 2063 1130 2131 captivorum
1160 2063 1507 2132 reciperetur.
1567 2062 1663 2115 sed
1684 2079 1785 2114 nec
1803 2072 1865 2113 25

121 2129 214 2183 illo
235 2130 538 2183 voluntario
565 2131 636 2183 ad
653 2130 823 2183 hostis
845 2148 970 2184 suos
998 2131 1176 2184 reditu
1202 2149 1304 2183 nec
1325 2131 1514 2184 ultimo
1537 2133 1652 2184 sive
1676 2149 1789 2183 car-

123 2200 261 2250 ceris
280 2217 375 2251 seu
395 2200 570 2251 crucis
599 2218 661 2251 su
701 2199 861 2269 plicio
891 2200 1192 2253 deformata
1210 2201 1490 2268 maiestas;
1522 2201 1683 2253 immo
1703 2199 1789 2251 his

124 2267 371 2319 omnibus
392 2267 651 2320 admirab'
678 2269 759 2320 ior
787 2269 918 2338 quid
936 2269 1086 2321 aliud
1112 2287 1273 2339 quam
1290 2271 1464 2322 victor
1484 2269 1552 2322 de
1571 2269 1789 2321 victori-

67 2351 109 2386 30
122 2335 223 2387 bus
243 2343 298 2387 at
334 2353 403 2387 ue
423 2336 596 2402 etiam,
627 2338 753 2407 quia
773 2337 1044 2406 Carthago
1074 2356 1183 2390 non
1202 2345 1453 2404 cesserat,
1485 2338 1552 2390 de
1572 2337 1789 2390 fortuna

121 2405 318 2474 triump
358 2404 507 2456 avit‘?
538 2404 768 2474 populus
796 2413 977 2458 autem
1006 2407 1280 2459 Romanus
1311 2406 1478 2459 multo
1509 2407 1683 2459 acrior
1709 2406 1788 2457 in·
1805 2405 1866 2447 26

124 2475 424 2543 tentiorque
441 2491 538 2541 pro
557 2472 760 2526 ultione
779 2475 858 2526 Re
898 2474 976 2527 uli
994 2493 1155 2556 quam
1211 2493 1271 2528 ro
1290 2475 1519 2528 victoria
1536 2475 1657 2526 fuit.

261 2540 479 2594 Metello
509 2542 674 2609 igitur
697 2560 864 2595 consu
888 2561 917 2595 e
945 2545 1171 2613 splranti
1210 2562 1275 2596 us
1308 2544 1469 2596 altius
1501 2544 1699 2596 Poenis
1733 2551 1785 2608 et
1803 2549 1858 2588 2⁷

123 2631 140 2660 1
153 2627 341 2663 everso
360 2610 417 2661 in
437 2609 675 2663 Siciliam
694 2610 851 2677 bello,
872 2620 1002 2681 aput
1020 2612 1384 2665 Panhormum
1404 2614 1482 2665 sic
1500 2612 1682 2665 hostes
1704 2629 1786 2664 ce·

66 2688 109 2724 ³5
124 2678 271 2745 cidit,
294 2696 363 2730 ne
381 2679 610 2749 amplius
630 2696 748 2731 eam
764 2680 996 2733 insulam
1016 2682 1242 2750 adgredi
1260 2682 1574 2750 cogitarent.
1627 2698 1783 2749 argu·
1800 2688 1861 2730 28

122 2756 361 2799 mentum
385 2748 621 2817 ingentis
639 2749 898 2801 victoriae
917 2757 1132 2803 centum
1150 2751 1365 2803 circiter
1383 2749 1788 2818 elephantorum

124 2817 435 2883 captivitaS,
476 2818 554 2869 sic
585 2834 796 2898 quoque
825 2835 1021 2887 magna
1047 2819 1272 2889 praeda,
1311 2819 1357 2870 si
1384 2836 1606 2887 gregem
1634 2817 1788 2870 illum

122 2901 232 2937 non
250 2883 410 2953 bello,
433 2886 530 2938 sed
547 2894 834 2939 venatione
854 2887 1104 2957 cepisset.
