2020 3168
693 202 737 270 1,
759 205 808 255 6.
831 205 861 254 7
884 201 988 274 [12.
1016 202 1117 275 131.
1675 208 1736 258 13

71 340 450 397 inmortalibus
473 341 572 408 dis,
613 359 683 394 an
701 341 945 396 Romana
962 341 1136 393 virtus
1160 341 1443 410 imperium
1462 341 1607 395 orbis
1631 360 1738 394 me-

68 419 296 466 reretur.

213 479 361 533 Galli
391 479 656 548 SenoneS,
690 497 825 550 gens
855 486 1048 531 natura
1076 478 1235 531 ferox
1244 518 1260 546 ,
1291 479 1530 533 moribus
1557 480 1783 543 incon-4

72 549 201 616 dita,
234 549 305 601 ad
331 549 434 603 hoc
462 551 580 620 ipsa
610 566 893 620 corporum
918 548 1074 615 mole,
1104 548 1332 617 perinde
1366 550 1528 601 armis
1553 548 1739 617 ingen-

33 617 232 685 stibuS,
262 618 398 672 adeo
428 620 571 672 omni
599 636 798 688 genere
830 616 1089 670 terribilis
1109 618 1226 683 fuit,
1257 624 1318 669 ut
1342 617 1504 689 plane
1524 625 1651 669 nata
1671 616 1742 669 ad

69 687 349 741 hominum
367 687 658 754 interim,
675 686 891 739 urbium
909 694 1146 755 stragem
1164 686 1458 739 videretur.
1496 686 1554 738 hi
1575 704 1740 756 quon·
1756 709 1782 749 5

6 780 7 785 ¹
71 755 196 808 dam
224 754 293 806 ab
321 754 524 807 ultimis
551 761 817 807 terrarum
849 755 957 806 oris
977 762 1031 806 et
1049 755 1298 822 cingente
1319 757 1497 807 omnia
1522 754 1740 808 Oceano

5 804 7 869 3
39 820 42 824 ’
69 824 279 893 ingenti
297 825 514 893 agmine
533 823 779 894 profecti,
811 829 932 875 cum
962 823 1071 874 iam
1101 822 1279 874 media
1297 830 1617 889 vastassent,
1647 841 1740 893 po-

5 907 7 911 ’
70 893 188 946 sitis
202 893 343 945 inter
351 891 520 963 Alpes
542 900 595 944 et
605 892 816 945 Padum
832 890 1067 958 sedibuS,
1087 909 1156 943 ne
1176 891 1261 943 his
1275 891 1492 962 quidem
1504 893 1742 946 contenti

6 978 55 1014 v10
69 979 166 1033 per
178 960 394 1014 Italiam
410 961 752 1031 vagabantur
766 980 779 1029 3
798 968 913 1012 tum
927 960 1171 1013 Clusium
1187 960 1380 1013 urbem
1399 961 1737 1014 obsidebant.
1756 972 1783 1014 6

5 1052 7 1090 ἢ
66 1048 164 1102 pro
195 1031 355 1083 sociis
401 1048 465 1083 ac
494 1030 786 1084 foederatis
814 1030 1089 1083 Romanus
1128 1030 1447 1098 intervenit3
1483 1032 1634 1082 missi
1672 1048 1743 1082 ex

66 1117 218 1153 more
236 1099 419 1169 legati.
453 1100 551 1153 sed
570 1100 715 1171 quod
730 1100 813 1152 ius
836 1106 964 1169 aput
980 1098 1241 1151 barbaros
1256 1099 1282 1150 ?
1303 1099 1537 1152 ferocius
1557 1108 1739 1169 agunt,

69 1177 122 1221 et
156 1168 283 1221 inde
312 1176 598 1238 certamen.
649 1169 926 1223 conversis
955 1169 1122 1237 igitur
1151 1186 1182 1219 a
1204 1167 1388 1221 Clusio
1409 1169 1740 1238 Romamque
1758 1188 1782 1226 7

66 1237 411 1290 venientibus
430 1237 501 1291 ad
511 1237 694 1291 Aliam
709 1237 913 1290 flumen
926 1255 1046 1289 cum
1067 1238 1309 1289 exercitu
1327 1237 1532 1290 Fabius
1554 1237 1742 1290 consul

12 1319 55 1354 1⁵
71 1308 317 1359 occurrit.
361 1324 471 1360 non
492 1314 694 1360 temere
726 1306 940 1358 foedior
975 1305 1182 1372 clades3
1214 1308 1395 1376 itaque
1424 1306 1566 1359 hunc
1600 1307 1743 1359 diem

65 1375 226 1428 fastis
247 1374 419 1428 Roma
439 1375 732 1427 damnavit.
765 1375 887 1427 suso
911 1377 1152 1426 exercitu
1170 1376 1278 1425 iam
1296 1376 1578 1428 moenibus
1591 1375 1740 1427 urbis
1753 1391 1781 1433 8

71 1443 592 1515 adpropinquabant.
642 1451 794 1496 erant
822 1443 973 1495 nulla
990 1443 1280 1513 praesidia.
1324 1451 1439 1495 tum
1463 1446 1628 1513 igitur
1648 1445 1740 1511 sic,

69 1521 130 1566 ut
147 1531 438 1584 numquam
459 1513 608 1581 alias,
630 1514 879 1584 apparuit
896 1530 1028 1564 vera
1046 1512 1141 1563 illa
1160 1512 1404 1565 Romana
1422 1515 1610 1565 virtus.
1634 1515 1741 1565 iam
1757 1531 1784 1572 9

71 1584 303 1653 primum
326 1584 557 1636 maiores
577 1590 723 1650 natu,
755 1581 1098 1653 amplissimis
1129 1583 1227 1632 usi·¹
1247 1581 1556 1650 honoribuS,
1588 1584 1645 1633 in
1663 1583 1742 1635 fo-

38 1669 60 1704 o
75 1670 195 1704 rum
215 1659 424 1720 coeunt,
452 1652 530 1705 ibi
549 1653 851 1705 devovente
868 1650 1121 1722 pontifice
1151 1650 1234 1702 dis
1263 1670 1321 1704 se
1349 1651 1596 1704 manibus
1620 1670 1742 1705 con-

72 1729 300 1789 secrant,
331 1723 618 1793 statimque
647 1723 705 1773 in
724 1739 849 1774 suas
872 1721 1100 1792 quisque
1119 1720 1280 1773 aedes
1300 1723 1552 1791 regressi,
1584 1722 1661 1773 sic
1677 1729 1738 1773 ut
1758 1735 1809 1778 10

72 1793 132 1843 in
149 1790 351 1844 trabeis
385 1799 539 1844 erant
568 1798 622 1844 et
642 1791 972 1862 amplissimo
1005 1789 1167 1857 cultu,
1199 1791 1257 1842 in
1287 1790 1560 1844 curulibus
1594 1790 1740 1843 sellis

71 1878 190 1912 sese
208 1868 579 1931 reposuerunt,
598 1868 673 1927 ut,
705 1879 826 1912 cum
842 1861 1082 1912 venisset
1102 1859 1288 1926 hostiS,
1320 1861 1377 1912 in
1399 1878 1496 1913 sua
1516 1862 1740 1932 quisque

74 1929 335 1998 dignitate
355 1938 669 1983 moreretur.
719 1929 998 2000 pontifices
1030 1936 1083 1981 et
1110 1928 1355 1982 flamines
1375 1930 1636 2000 quidquid
1653 1947 1734 1981 re·
1758 1934 1805 1974 ll

36 2017 55 2049 5
71 1998 404 2068 ligiosissimi
424 2001 480 2050 in
503 1998 720 2070 templis
741 2006 856 2051 erat
873 2000 1070 2068 partim
1090 1998 1147 2048 in
1166 1998 1336 2051 doleis
1362 1999 1580 2052 defossa
1598 2007 1742 2051 terra

42 2068 379 2137 recondunt,
419 2069 616 2138 partim
645 2069 879 2138 inposita
902 2067 1157 2138 plaustris
1191 2086 1372 2119 secum
1398 2069 1564 2123 Veios
1596 2068 1742 2120 aufe-

65 2144 210 2188 runt.
252 2138 493 2207 virgines
521 2137 678 2189 simul
702 2155 773 2190 ex
792 2137 1091 2190 sacerdotio
1112 2136 1316 2189 Vestae
1335 2138 1479 2191 nudo
1498 2137 1637 2208 pede
1657 2137 1738 2189 fu·
1758 2152 1811 2191 12

67 2206 270 2275 gientia
291 2225 444 2259 sacra
464 2208 801 2259 comitantur.
828 2214 1010 2258 tamen
1029 2208 1307 2276 excepisse
1327 2206 1584 2276 fugientis
1603 2224 1742 2257 unus

70 2292 140 2326 ex
174 2275 332 2345 plebe
360 2276 532 2328 fertur
561 2276 804 2342 Atinius,
843 2277 935 2346 qui
974 2275 1040 2328 de
1081 2276 1231 2328 ositis
1270 2293 1440 2329 uxore
1472 2283 1525 2328 et
1554 2275 1742 2327 liberis

13 2358 56 2392 30
73 2344 313 2413 virgines
339 2345 396 2396 in
424 2344 723 2414 plaustrum
741 2346 960 2415 recepit.
1005 2363 1037 2396 a
1079 2363 1139 2398 eo
1161 2352 1290 2397 tunc
1309 2363 1412 2415 quo
1451 2363 1518 2397 ue
1547 2346 1604 2396 in
1622 2344 1743 2396 ulti-

68 2414 170 2464 mis
191 2413 384 2483 religio
414 2413 631 2483 publica
659 2415 887 2484 privatis
918 2414 1221 2467 adfectibus
1254 2422 1442 2467 antece
1465 2414 1627 2467 lebat.
1666 2416 1741 2464 iu-

67 2490 261 2534 ventus
280 2489 604 2553 vero,'quam
623 2484 749 2535 satis
770 2491 978 2537 constat
995 2485 1092 2537 vix
1108 2483 1255 2536 mille
1273 2483 1547 2537 hominum
1558 2483 1742 2547 fuisse,
1765 2488 1817 2529 13

70 2551 206 2604 duce
237 2552 441 2605 Manlio
473 2570 652 2604 arcem
682 2551 975 2624 Capitolini
999 2554 1195 2607 montis
1222 2554 1435 2620 insedit,
1478 2553 1742 2607 obtestata

69 2622 245 2691 ipsum
276 2623 430 2692 quasi
496 2629 797 2674 raesentem
816 2623 1018 2690 Iovem,
1046 2630 1107 2675 ut
1137 2641 1293 2693 quem
1315 2623 1385 2675 ad
1399 2624 1614 2676 modum
1637 2623 1741 2691 ipsi
1778 2644 1780 2646 ·

13 2703 56 2739 ³5
75 2691 145 2742 ad
176 2691 446 2743 defenden
485 2709 576 2742 um
609 2691 867 2760 templum
897 2693 1308 2759 concurrissent,
1339 2694 1414 2743 ita
1445 2692 1535 2744 ille
1574 2693 1741 2742 virtu-

67 2766 180 2812 tem
210 2778 393 2812 eorum
422 2761 639 2812 numine
668 2778 762 2812 suo
791 2768 1051 2813 tueretur.
1101 2762 1326 2814 aderant
1355 2762 1569 2813 interim
1590 2758 1736 2813 Galli
1756 2771 1806 2809 14

5 2896 6 2899 Ἴ
72 2836 420 2901 apertamque
440 2829 629 2882 urbem
646 2831 817 2899 primo
838 2831 1050 2901 trepidi,
1071 2849 1138 2883 ne
1160 2832 1278 2901 quis
1301 2830 1543 2882 subesset
1568 2829 1738 2894 doluS,

71 2916 216 2965 mox,
240 2898 334 2951 ubi
356 2899 700 2951 solitudinem
722 2899 924 2966 vident,
952 2902 1071 2969 pari
1095 2899 1326 2951 clamore
1358 2907 1409 2951 et
1441 2901 1643 2969 impetu
1661 2899 1738 2950 in·
