2020 3168
180 143 247 194 52
775 152 952 192 ηοω
974 151 1250 191 ΕΡῙΤΟΜΑ.

179 296 205 330 s
248 279 426 330 eciosa
452 295 595 331 mors
627 295 808 330 earum
835 277 938 329 fuit
966 294 1125 346 quam
1154 294 1352 345 pugna.
1387 296 1512 329 nam
1539 295 1659 331 cum
1682 278 1849 330 missa

177 365 210 398 a
289 347 521 399 Marium
563 346 833 415 legatione
877 344 1181 397 libertatem
1227 362 1290 397 ac
1339 347 1697 404 sacerdotium
1739 364 1848 399 non

176 417 234 468 in
275 423 537 468 etrassent
575 416 695 484 (nec
732 414 814 465 fas
850 413 1012 483 erat),
1055 413 1327 465 suffocatis
1361 413 1614 485 elisisque
1647 416 1849 484 passim

176 434 473 537 ini’antibus
525 485 635 535 suis
682 489 776 534 aut
822 483 1021 534 mutuis
1072 482 1354 535 concidere
1397 482 1711 535 vulneribus
1757 490 1849 535 aut

176 552 395 605 vinculo
443 570 471 603 e
521 551 759 603 crinibus
808 551 918 603 suis
969 550 1112 604 facto
1163 550 1231 602 ab
1279 551 1560 604 arboribus
1598 552 1882 622 iugisques

110 649 162 690 13
214 621 542 673 laustrorum
578 620 969 701 pependerunt.
1027 619 1255 672 Boiorix
1297 638 1398 673 rex
1431 621 1490 673 in
1524 621 1698 692 prima
1735 621 1850 673 acie

177 641 440 743 Simieans
477 690 534 741 in
574 707 691 758 igre
726 707 826 742 nec
862 690 1064 741 inultus
1105 689 1380 742 occiditur.
1753 707 1759 711 ·

317 759 504 811 Tertia
598 759 939 827 igurinorum.
978 776 1192 825 manus,
1241 776 1378 829 quae
1425 759 1580 830 quasi
1623 759 1682 810 in
1728 757 1850 809 sub-

166 828 316 881 sidio
361 828 590 880 Noricos
636 827 910 879 insederat
954 826 1176 896 Alpium
1221 827 1480 895 tumulos,
1526 829 1586 879 in
1635 827 1853 879 diversa
1999 867 2000 872 ,

107 918 160 961 19
178 898 360 968 elapsa
379 897 512 966 fuga
535 896 764 965 ignobili
785 903 838 948 et
861 895 1157 948 latrociniis
1180 897 1415 949 evanuit.
1451 897 1594 949 hunc
1612 903 1722 948 tam
1746 895 1851 947 lae·
1865 912 1908 946 ιο
1990 906 1996 910 ”

177 974 290 1019 tum
317 974 532 1037 tamque
561 965 777 1018 felicem
809 964 1069 1017 liberatae
1093 964 1283 1017 Italiae
1310 967 1620 1036 adsertique
1643 965 1854 1036 imperii

103 1071 108 1082 ι
174 1037 424 1088 nuntium
444 1053 553 1086 non
570 1052 667 1104 per
692 1034 960 1099 homineS,
989 1040 1050 1085 ut
1067 1033 1299 1101 solebat,
1326 1035 1554 1104 populus
1579 1034 1851 1087 Romanus

107 1128 163 1170 20
179 1106 408 1174 accepit,
453 1104 550 1155 sed
573 1121 672 1172 per
695 1103 867 1173 iPSOS,
907 1103 954 1153 si
973 1102 1194 1154 credere
1219 1102 1302 1154 fas
1329 1111 1441 1173 est,
1465 1103 1613 1157 deOS.
1657 1103 1854 1172 quippe

178 1174 366 1227 eodem
403 1173 491 1225 die
529 1189 634 1243 quo
668 1179 822 1242 gesta
857 1189 944 1223 res
983 1178 1065 1224 est
1099 1172 1208 1223 visi
1241 1189 1339 1253 pro
1375 1172 1509 1225 aede
1538 1170 1774 1224 Pollucis
1803 1178 1855 1222 et

179 1243 418 1295 Castoris
457 1243 682 1294 iuvenes
710 1241 992 1293 ‘laureatas
1032 1248 1270 1311 praetori
1306 1241 1511 1294 litteras
1548 1241 1700 1307 dare,
1746 1240 1909 1295 fre-15

177 1329 454 1383 quensque
481 1312 539 1362 in
568 1309 874 1380 spectaculo
904 1328 1086 1362 rumor
1114 1311 1375 1363 victoriae
1406 1309 1708 1363 Cimbricae
1736 1309 1808 1339 Η
1825 1308 1853 1339 *

177 1381 323 1451 quod
355 1382 413 1432 in
482 1380 765 1432 ladiatorio
795 1397 1015 1432 munere
1043 1379 1162 1431 fieri
1190 1379 1327 1432 solet
1355 1379 1655 1432 ‘feliciterl’
1696 1377 1851 1430 dixit.

105 1468 283 1521 21quo
337 1399 480 1520 quit?
519 1448 890 1502 admirabilius
908 1489 922 1515 ,
984 1449 1115 1519 quid
1156 1449 1422 1518 insignius
1471 1448 1589 1500 fieri
1677 1445 1853 1499 otest?

179 1520 375 1590 quippe
407 1518 559 1571 velut
586 1518 725 1575 elata
751 1517 1023 1570 montibus
1056 1518 1165 1570 suis
1196 1518 1367 1570 Roma
1394 1524 1645 1588 spectacu
1669 1534 1698 1568 ο
1723 1514 1855 1567 belli

175 1591 486 1655 interesset,
522 1605 630 1641 uno
669 1588 963 1658 eodemque
999 1594 1292 1654 momento,
1331 1606 1453 1639 cum
1478 1588 1536 1638 in
1563 1586 1679 1637 acie
1712 1584 1853 1637 Cim·
1866 1611 1909 1644 20
2019 1599 2020 1651 j

174 1658 262 1709 bri
301 1656 735 1724 succumberent,
779 1656 1008 1727 populus
1045 1657 1103 1708 in
1138 1656 1272 1709 urbe
1307 1655 1614 1727 plaudebat.
2019 1659 2020 1666 ’

433 1766 794 1821 XXXVIIII.
838 1767 1147 1819 BELLVM
1185 1765 1599 1820 THRAOIVM.

63 1867 195 1934 111,4
314 1864 446 1917 Post
477 1864 828 1930 MacedonaS,
871 1865 917 1915 si
951 1864 1034 1915 dis
1060 1863 1264 1934 placet,
1303 1862 1541 1916 Thraces
1570 1862 1851 1928 rebellant,

176 1933 261 1986 illi
297 1933 568 2003 quondam
616 1933 887 1986 tributarii
920 1933 1306 2001 Macedonum3
1348 1950 1449 1985 nec
1483 1933 1542 1984 in
1579 1933 1852 2003 proximas

176 2002 336 2055 modo
373 2003 681 2072 provincias
721 2003 959 2055 contenti
993 2003 1292 2068 incurrere,
1332 2001 1668 2054 Thessaliam
1693 2007 1852 2071 atque
1868 2017 1910 2050 25

175 2071 528 2138 Delmatiam,
572 2073 630 2123 in
664 2072 1003 2124 Adriaticum
1040 2089 1188 2124 mare
1221 2088 1393 2141 usque
1431 2077 1723 2138 venerunt3
1769 2087 1850 2123 eo-

179 2159 282 2211 que
319 2141 426 2192 fine
466 2142 684 2208 retenti,
732 2142 886 2212 quasi
922 2141 1314 2193 interveniente
1350 2147 1566 2207 natura,
1612 2146 1855 2192 contorta

135 2225 162 2264 2
179 2211 237 2262 in
265 2210 410 2279 ipsas
440 2228 607 2281 aquas
637 2210 744 2262 tela
772 2211 1047 2262 miserunt.
1093 2209 1228 2261 nihil
1255 2210 1471 2262 interim
1496 2227 1592 2279 per
1617 2209 1675 2261 id
1700 2226 1854 2262 omne

177 2287 387 2348 tempus
424 2280 700 2333 residuum
735 2279 1067 2332 crudelitatis
1105 2279 1208 2330 fuit
1247 2267 1324 2330 in‘
1342 2279 1583 2349 captivos
1613 2278 1853 2331 saevien-

177 2348 348 2400 tibus:
400 2348 555 2401 litare
597 2349 679 2401 dis
724 2349 985 2418 sanguine
1022 2348 1278 2414 humane,
1319 2347 1507 2401 bibere
1541 2349 1598 2399 in
1641 2346 1849 2401 ossibus
1868 2366 1910 2399 30

180 2418 439 2486 capitum,
480 2419 736 2488 cuiusque
770 2418 915 2471 modi
951 2417 1200 2470 ludibriis
1241 2417 1461 2470 foedare
1488 2423 1714 2470 mortem
1743 2423 1853 2467 tam

179 2487 296 2555 igni
334 2505 493 2556 quam
530 2487 701 2553 fumo,
739 2494 924 2557 partus
954 2505 1164 2557 quoque
1193 2486 1542 2556 gravidarum
1569 2485 1853 2537 mulierum

141 2568 167 2609 3
187 2563 506 2626 extorquere
560 2558 855 2609 tormentis,
935 2556 1237 2608 saevissimi
1297 2557 1530 2608 omnium
1585 2554 1852 2606 Thracum

179 2622 452 2678 Scordisci
503 2625 680 2692 fuere,
735 2626 831 2678 sed
880 2625 1144 2677 calliditas
1191 2643 1401 2695 quoque
1453 2624 1523 2676 ad
1559 2623 1725 2677 robur
1768 2640 1853 2673 ac-

136 2701 441 2749 4cesserat:
490 2694 748 2747 silvarum
786 2702 838 2746 et
872 2696 1131 2747 montium
1167 2695 1298 2746 situs
1338 2710 1459 2746 cum
1490 2694 1706 2762 ingenio
1732 2709 1854 2744 con·
1868 2715 1909 2748 35

180 2764 499 2815 sentiebant.
550 2765 731 2834 itaque
768 2781 876 2816 non
914 2764 1065 2816 fusus
1097 2764 1255 2816 modo
1287 2763 1354 2815 ab
1386 2763 1469 2813 his
1499 2769 1590 2813 aut
1617 2761 1850 2830 fugatus,

179 2832 276 2883 sed
319 2864 389 2873 ——
436 2833 607 2885 simile
653 2833 901 2904 prodigio
946 2865 1015 2873 —
1063 2834 1277 2884 omnino
1330 2839 1470 2883 totus
1514 2832 1851 2900 ,interceptus
