2020 3168
181 202 250 253 80
769 213 944 252 rnom
969 213 1245 252 EPITOMA.

181 357 251 391 ne
308 338 505 391 sociale
560 337 799 408 quidem,
856 337 953 388 sed
1005 355 1106 389 nec
1161 344 1470 404 externum,
1522 339 1620 391 sed
1670 340 1848 410 potius

184 425 463 461 commune
535 406 770 459 uoddam
806 423 877 456 ex
911 406 1158 458 omnibus
1192 413 1246 457 et
1274 405 1397 475 plus
1434 422 1593 478 quam
1626 407 1846 460 bellum.

136 481 167 522 5
187 479 383 547 quippe
420 477 466 527 si
551 491 678 526 uces
721 476 835 526 eius
871 476 1155 543 inspicias,
1203 481 1346 527 totu-s
1385 483 1601 528 senatus
1637 479 1695 528 in
1728 494 1848 546 par-

180 545 353 612 tibus,
405 546 452 596 si
490 545 785 609 exercitUS,
832 542 959 594 hinc
993 544 1245 595 undecim
1280 543 1550 612 legioneS,
1595 545 1722 597 inde
1760 546 1849 597 de-

182 632 299 666 cem
348 621 400 666 et
447 621 592 678 octe,
639 612 739 665 flos
788 613 960 665 omnis
1009 619 1061 664 et
1106 611 1273 664 robur
1315 612 1493 665 Italici
1541 615 1849 683 sanguinis3
1882 643 1903 674 5
1943 638 1970 678 vj

183 685 230 735 si
275 682 481 751 auxilia
529 683 819 748 sociorum,
867 681 993 732 hinc
1052 681 1251 734 Gallici
1298 681 1662 754 Germanique
1719 683 1849 736 dile-

154 754 323 819 ctus,
373 752 500 804 inde
544 750 863 817 DeiotaruS,
909 750 1334 817 Ariobarzanes,
1383 751 1848 820 Tarcondimotus»,

182 821 349 892 Cotys
373 828 425 873 et
445 819 819 890 RhascypoliS,
845 838 1001 873 omne
1021 819 1300 887 Thraciae,
1324 820 1403 874 Ca
1440 821 1715 891 padociae,
1736 821 1849 873 Ma·

131 903 163 945 6
179 891 435 943 cedoniae
448 931 462 957 ,
488 889 737 956 Ciliciae,
764 888 1025 942 Graeciae
1045 891 1315 960 totiusque
1336 908 1398 943 ro
1437 909 1503 942 ur
1527 892 1776 958 orientis3
1803 891 1850 943 si

177 978 382 1012 moram
406 959 562 1025 belli,
602 965 854 1029 quattuor
887 960 1040 1024 anni,
1080 966 1161 1010 set
1194 976 1292 1028 pro
1328 959 1482 1012 clade
1517 978 1699 1012 rerum
1728 959 1847 1012 bre·
1868 985 1907 1019 20
1972 1008 1974 1011 .

175 1048 301 1097 ves;
353 1031 399 1080 si
434 1029 610 1081 locum
648 1034 700 1079 et
744 1046 768 1079 s
810 1029 999 1092 atium,
1045 1029 1389 1080 commissum
1426 1036 1507 1080 est
1552 1030 1695 1079 intra
1739 1029 1847 1081 Ita-

175 1099 327 1165 liam,
376 1098 503 1150 inde
550 1115 607 1149 se
656 1097 713 1147 in
809 1095 994 1147 alliam
1028 1095 1456 1167 Hispaniamque
1505 1097 1726 1150 deflexit
1766 1116 1847 1150 re·

174 1185 499 1237 versumque
545 1166 614 1218 ab
660 1183 856 1217 occasu
899 1167 1025 1218 totis
1071 1165 1280 1217 viribus
1325 1167 1383 1217 in
1413 1163 1581 1236 Epiro
1619 1165 1847 1219 Thessa-

176 1237 356 1306 liaque
405 1236 675 1302 consedit3
723 1235 848 1286 hinc
892 1236 949 1286 in
982 1236 1294 1304 Aegyptum
1341 1235 1518 1289 subito
1561 1236 1845 1302 transiluit,

175 1306 302 1358 inde
350 1307 590 1376 respexit
633 1305 846 1370 Asiam,
890 1304 1111 1356 Africae
1157 1304 1427 1371 incubuit,
1511 1312 1742 1359 ostremo
1788 1306 1845 1356 in
1863 1329 1902 1362 ιε

130 1375 499 1445 7Hispaniam
552 1375 832 1445 regyravit
877 1381 930 1426 et
964 1373 1061 1425 -ibi
1120 1373 1410 1444 aliquando
1499 1375 1675 1427 efecit.
1752 1375 1849 1428 sed

175 1463 284 1497 non
323 1451 374 1496 et
411 1444 537 1496 odia
570 1444 805 1514 partium
831 1442 986 1495 finita
1021 1460 1142 1496 cum
1175 1442 1337 1495 bello.
1375 1460 1485 1497 non
1522 1445 1665 1497 enim
1697 1446 1846 1514 prius

177 1514 521 1584 quieverunt,
571 1531 732 1583 quam
768 1514 825 1565 in
862 1513 982 1583 ipsa
1025 1511 1160 1565 urbe
1195 1513 1371 1565 medio
1411 1520 1601 1566 senatu
1647 1531 1844 1580 eorum,

177 1585 270 1654 qui
304 1584 436 1634 victi
474 1590 651 1649 erant,
691 1582 816 1635 odia
851 1583 1073 1634 victoris
1112 1600 1169 1634 se
1203 1582 1367 1634 caede
1406 1583 1680 1634 satiarent.

129 1663 160 1704 8
319 1651 498 1705 Causa
539 1659 722 1705 tantae
780 1653 1102 1704 calamitatis
1157 1651 1345 1704 eadem
1399 1669 1535 1722 quae
1592 1653 1842 1719 omnium,
1859 1674 1899 1706 20
1969 1627 2010 1790 k

174 1723 342 1775 nimia
376 1721 627 1774 felicitas.
667 1723 713 1773 si
750 1723 966 1792 quidem
1001 1721 1201 1787 Quinto
1237 1720 1457 1773 Metel-lo
1485 1720 1655 1773 Lucio
1685 1720 1845 1773 Afra·

175 1793 265 1845 nio
299 1791 610 1844 consulibus
649 1809 772 1844 cum
803 1791 1048 1843 Romana
1076 1791 1329 1843 maiestas
1364 1797 1475 1843 toto
1514 1788 1643 1843 orbe
1679 1790 1845 1861 polle·
1974 1799 1975 1802 ’
2002 1836 2005 1853 ³

175 1869 258 1913 ret
293 1868 642 1931 recentesque
676 1862 949 1927 victoriaS,
989 1860 1245 1912 Ponticos
1282 1867 1334 1912 et
1351 1860 1637 1927 Armenios
1661 1861 1844 1912 trium·
1995 1880 2005 1924 j

213 1930 336 1997 hos,
385 1932 442 1982 in
478 1930 820 2000 Pompeianis
866 1929 1091 1982 theatris
1135 1929 1308 1982 Roma
1365 1936 1629 1994 cantaret,
1678 1930 1844 1980 nimia
1974 1921 2005 1997 ἧς

225 2017 310 2053 om
351 2002 400 2052 ei
444 2001 683 2070 potentia
727 2007 856 2068 aput
902 2000 1125 2066 otiosos,
1174 2006 1234 2051 ut
1269 1998 1429 2065 solet,
1481 1999 1627 2050 cives
1673 2000 1841 2052 movit
1858 2021 1899 2053 25
1972 1998 2004 2084 ἐξ,

130 2080 160 2122 9
177 2070 291 2120 invi
332 2070 455 2120 iam.
530 2068 781 2121 Metellus
814 2069 881 2122 ob
918 2070 1239 2121 inminutum
1271 2067 1464 2120 Cretae
1499 2067 1842 2137 triumphum,
1972 2067 2003 2138 {³⁵

179 2138 313 2191 Cato
362 2139 622 2191 adversus
668 2146 913 2208 potentes
972 2156 1180 2207 semper
1239 2136 1487 2207 obliquus
1545 2136 1844 2188 detrectare
1980 2143 1995 2154 ''

175 2208 431 2277 Pompeio
478 2209 718 2278 actisque
768 2209 881 2260 eius
929 2207 1257 2277 obstrepere.
1340 2205 1428 2257 hic
1475 2205 1627 2258 dolor
1673 2213 1844 2258 trans·
1972 2204 1997 2260 ζ’

176 2296 393 2329 versum
426 2279 536 2346 egit
574 2284 626 2328 et
661 2277 731 2329 ad
766 2276 1037 2346 praesidia
1064 2276 1316 2345 dignitati
1351 2275 1594 2345 paranda
1630 2274 1840 2344 inpulit.

108 2353 161 2394 10
178 2347 317 2398 sorte
363 2355 492 2399 tunc
530 2345 759 2399 Crassus
805 2364 1003 2415 genere
1051 2346 1254 2398 divitiis
1292 2345 1553 2413 dignitate
1598 2343 1839 2410 florebat,
1858 2358 1902 2391 30

176 2423 235 2468 ut
277 2415 443 2467 vellet
477 2423 657 2467 tamen
705 2417 960 2469 auctioris
997 2433 1151 2485 opes3
1202 2414 1262 2467 C.
1308 2413 1509 2467 Caesar
1539 2414 1844 2483 eloquentia

178 2493 229 2537 et
269 2486 484 2554 spiritu,
537 2502 660 2537 ecce
697 2487 804 2536 iam
849 2493 901 2537 et
940 2485 1224 2538 consulatu
1259 2483 1638 2549 adlevabatur;
1688 2482 1842 2534 Pom-

108 2561 152 2601 11
175 2557 328 2624 peius
366 2562 546 2606 tamen
580 2556 719 2606 inter
753 2562 1037 2624 utrumque
1073 2554 1356 2605 eminebat.
1413 2554 1490 2604 sic
1525 2553 1690 2620 igitur
1712 2550 1843 2603 Cae-

178 2642 298 2675 sare
344 2624 660 2694 dignitatem
707 2624 1025 2693 conparare,
1078 2622 1274 2675 Crasso
1314 2640 1536 2691 augere,
1586 2621 1841 2690 Pompeio

175 2695 410 2745 retinere
447 2693 784 2762 cupientibus
821 2693 1174 2762 omnibusque
1208 2693 1410 2762 pariter
1445 2691 1715 2760 potentiae
1753 2707 1839 2740 cu·
1858 2708 1900 2743 35
1987 2713 1997 2761 ᾗ

109 2772 160 2811 12
176 2762 317 2831 pidjs
359 2763 424 2814 de
469 2763 777 2814 invadenda
819 2780 877 2814 re
916 2762 1133 2832 publica
1178 2762 1337 2813 facile
1371 2760 1636 2812 convenit.
1713 2775 1839 2826 ergo
1983 2763 1989 2779 ²

177 2849 298 2882 cum
343 2833 541 2883 mutuis
590 2832 796 2883 viribus
842 2833 900 2883 in
947 2850 1101 2883 suum
1137 2833 1360 2901 quisque
1410 2830 1571 2881 decus
1608 2828 1839 2879 niteren-

175 2906 285 2967 tur,
327 2901 558 2954 Galliam
597 2901 798 2953 Caesar
834 2900 1067 2967 invadit,
1109 2899 1335 2952 Crassus
1362 2899 1574 2963 Asiam,
1614 2897 1839 2966 Pompe-
