2020 3168
211 167 246 217 4
809 180 984 222 ηοω
1008 181 1281 222 ΕΡῙΤΟΜΑ.

212 304 389 355 senuit
408 303 583 374 adque
604 302 834 371 decoxit,
854 305 961 356 nisi
981 305 1124 375 quod
1143 305 1242 358 sub
1256 305 1488 357 Traiano
1507 308 1748 378 principe
1760 328 1872 363 mo-

211 372 293 424 vit
330 371 558 425 lacertos
596 379 647 423 et
681 379 895 442 praeter
932 391 1082 442 spem
1119 374 1354 426 omnium
1382 381 1628 427 senectus
1659 378 1873 447 imperii

213 441 366 510 quasi
382 441 594 493 reddita
611 441 885 492 iuventute
903 443 1145 494 reviruit.
1478 445 1491 456 ⁶
1534 502 1538 503 ⁷
1585 487 1587 491 .

168 506 200 557 1
351 509 564 561 Primus
577 508 667 560 ille
687 515 739 560 et
751 508 901 561 urbis
923 516 974 561 et
991 511 1203 580 imperii
1223 510 1466 563 conditor
1478 511 1735 565 Romulus
1748 514 1866 581 fuit,

169 588 197 624 2
216 577 389 629 Marte
409 579 620 646 genitus
641 584 693 629 et
709 577 862 629 Rhea
880 576 1065 630 Silvia.
1092 579 1195 631 hoc
1215 579 1281 632 de
1300 597 1357 631 se
1378 580 1627 633 sacerdos
1684 582 1874 635 ravida
1892 601 1913 633 5
1930 638 1933 640 ,

214 645 462 699 confessa
481 653 576 712 est,
608 663 710 697 nec
735 664 865 699 mox
891 647 1036 698 fama
1055 647 1335 715 dubitavit,
1367 667 1485 700 cum
1503 649 1646 701 Amu
1667 651 1706 702 ii
1726 652 1872 720 regis
1996 656 1999 660 ’

203 715 435 785 imperio
454 716 679 767 iactatus
697 715 755 766 in
772 715 1123 784 profluentem
1142 734 1263 769 cum
1281 718 1449 770 Remo
1468 717 1636 771 fratre
1655 736 1764 771 non
1780 737 1872 788 po·

169 802 196 843 3
213 784 315 835 tuit
335 784 594 853 extingui.
643 785 690 836 si
752 784 934 836 uidem
967 792 1019 836 et
1047 784 1334 838 Tiberinus
1362 805 1573 839 amnem
1599 789 1872 857 repressit,

216 859 268 904 et
283 852 484 904 relictis
516 852 706 905 catulis
756 871 863 923 upa
894 861 1076 906 secuta
1105 856 1346 924 vagitum
1373 855 1509 907 uber
1534 855 1773 909 admovit
1792 857 1871 907 in·
1907 856 1909 861 ’

213 919 451 973 fantibus
461 929 791 992 matremque
812 924 941 991 egit.
971 924 1049 975 sic
1065 932 1304 993 repertos
1326 932 1454 994 aput
1472 923 1718 977 arborem
1729 924 1870 976 Fau-
1888 946 1930 981 10

215 989 384 1041 stulus
404 991 542 1059 regii
559 992 741 1059 gregis
761 998 945 1060 pastor
976 992 1098 1043 tulit
1127 994 1184 1043 in
1214 1011 1393 1044 casam
1411 993 1481 1045 ad
1518 1011 1585 1045 ue
1605 993 1872 1048 educavit.
1898 1016 1902 1019 ’

167 1076 196 1116 4
215 1057 359 1110 Alba
375 1066 489 1110 tum
509 1065 622 1111 erat
639 1058 796 1111 Latio
817 1067 990 1129 caput,
1019 1060 1125 1111 Iuli
1146 1079 1278 1129 opus
1295 1081 1307 1128 3
1336 1079 1460 1112 nam
1528 1062 1766 1114 avinium
1782 1080 1875 1132 pa-

211 1128 311 1178 tris
332 1127 550 1179 Aeneae
578 1134 984 1197 contempserat.
1034 1127 1102 1179 ab
1131 1129 1214 1179 his
1234 1129 1480 1180 Amulius
1509 1130 1616 1180 iam
1645 1132 1877 1200 septima

212 1195 397 1248 subole
418 1195 706 1265 regnabat,
742 1196 909 1248 fratre
943 1196 1099 1267 pulso
1137 1197 1440 1263 Numitore,
1479 1199 1628 1250 cuius
1662 1216 1732 1250 ex
1760 1198 1876 1250 filia

168 1274 195 1316 5
210 1264 487 1317 RomuluS.
518 1266 684 1334 igitur
702 1267 881 1317 statim
896 1267 1070 1335 prima
1090 1267 1379 1318 iuventutis
1400 1267 1518 1319 face
1535 1274 1783 1336 patruum
1803 1267 1870 1320 ab
1889 1283 1930 1318 15
1995 1328 1998 1329 γ

210 1351 332 1385 arce
368 1333 640 1401 deturbat,
679 1352 840 1386 avum
873 1335 1100 1405 reponit.
1159 1336 1274 1404 ipse
1309 1335 1542 1387 fluminis
1580 1343 1784 1387 amator
1822 1345 1873 1389 et

208 1403 494 1469 montium,
525 1411 653 1473 aput
681 1421 812 1473 quos
844 1412 958 1455 erat
988 1404 1268 1471 educatus,
1296 1406 1699 1457 moenia-novae
1723 1405 1872 1457 urbis

166 1485 194 1526 6
212 1471 468 1540 agitabat.
520 1473 723 1541 gemini
743 1480 919 1540 erant3
938 1480 1058 1524 uter
1077 1474 1443 1542 auspicaretur
1464 1481 1516 1526 et
1533 1481 1759 1542 regeret,
1782 1474 1872 1526 ad-

208 1540 395 1592 hibere
414 1540 616 1611 placuit
633 1541 778 1594 deos.
826 1541 1024 1593 Remus
1042 1550 1276 1593 montem
1293 1542 1638 1608 Aventinum,
1666 1542 1754 1594 hic
1772 1543 1873 1594 Pa-

209 1610 434 1661 latinum
453 1628 584 1662 occu
623 1617 692 1662 at.
739 1612 889 1680 prius
909 1610 1000 1663 ille
1021 1629 1118 1663 sex
1135 1610 1412 1678 vulturiOS,
1442 1612 1531 1664 hic
1548 1618 1749 1681 postea,
1774 1612 1870 1664 sed
1887 1628 1930 1661 20

169 1684 194 1723 7
214 1678 497 1731 duodecim
514 1629 679 1731 viXet.
714 1681 791 1731 sic
808 1681 981 1732 victor
1000 1680 1226 1749 augurio
1243 1679 1432 1733 urbem
1451 1683 1664 1748 excitat,
1681 1681 1871 1750 plenus

210 1749 325 1817 spei
362 1747 697 1800 bellatricem
727 1749 871 1815 fore3
914 1749 972 1801 id
1016 1749 1269 1801 adsuetae
1298 1751 1563 1818 sanguine
1587 1756 1639 1801 et
1671 1749 1874 1818 praeda

164 1823 193 1865 8
209 1834 335 1869 aves
356 1816 763 1886 pollicebantur.
801 1818 872 1870 ad
888 1817 1111 1870 tutelam
1128 1836 1302 1870 novae
1320 1817 1470 1870 urbis
1491 1817 1739 1870 sufficere
1761 1819 1873 1870 val-

206 1886 318 1938 lum
327 1885 627 1953 videbatur,
650 1888 799 1938 cuius
813 1887 940 1939 dum
956 1888 1232 1955 angustias
1244 1887 1443 1939 Remus
1463 1889 1705 1957 increpat
1717 1887 1870 1954 saltu,

207 1954 429 2006 dubium
448 1973 518 2007 an
536 1956 686 2007 iussu
705 1955 901 2021 fratriS,
926 1957 1134 2007 occisus
1162 1963 1265 2008 est:
1285 1957 1460 2026 prima
1482 1964 1625 2008 certe
1649 1957 1870 2008 victima
1888 1969 1931 2002 2⁵

206 2023 309 2075 fuit
337 2025 687 2076 munitionem
725 2043 791 2076 ue
813 2024 961 2077 urbis
982 2042 1157 2077 novae
1178 2026 1440 2094 sanguine
1466 2043 1560 2077 suo
1596 2042 1873 2077 consecra-

206 2093 301 2144 vit.
343 2093 634 2162 imaginem
650 2112 716 2145 ur
757 2095 801 2145 is
821 2095 993 2162 magis
1024 2112 1182 2163 quam
1199 2093 1389 2146 urbem
1407 2093 1636 2146 fecerat:
1663 2093 1873 2146 incolae

163 2169 192 2211 9
213 2160 450 2214 deerant.
502 2170 616 2214 erat
649 2163 707 2214 in
771 2164 981 2215 roximo
1012 2162 1190 2228 lucus3
1222 2162 1364 2214 hunc
1395 2162 1607 2233 asylum
1628 2163 1782 2229 facit,
1822 2169 1875 2215 et

208 2231 388 2282 statim
433 2233 570 2283 mira
606 2233 689 2284 vis
777 2233 1037 2285 ominum:
1077 2232 1260 2283 Latini
1297 2231 1566 2302 Tuscique
1605 2239 1866 2302 pastores,
1939 2255 1942 2259 >

206 2299 424 2368 quidam
449 2302 609 2352 etiam
626 2301 993 2367 transmarini,
1021 2300 1266 2371 Phryges
1288 2302 1379 2371 qui
1400 2301 1498 2353 sub
1517 2301 1728 2367 Aenea,
1766 2301 1868 2352 Ar·
1885 2320 1928 2355 30

207 2368 366 2420 cades
433 2371 489 2422 ui
520 2369 618 2422 sub
646 2369 904 2423 Evandro
937 2370 1070 2423 duce
1101 2370 1443 2422 influxerant.
1505 2371 1582 2422 ita
1610 2388 1680 2423 ex
1706 2370 1872 2422 variis

242 2439 360 2489 uasi
391 2456 418 2488 e
444 2440 668 2490 ementis
699 2440 1050 2508 congregavit
1079 2457 1271 2508 corpus
1301 2457 1480 2506 unum,
1510 2439 1873 2509 populumque

142 2516 193 2558 10
261 2525 509 2560 omanum
537 2509 653 2578 ipse
683 2508 812 2560 fecit
830 2527 945 2560 rex.
997 2515 1111 2560 erat
1139 2510 1296 2559 unius
1327 2509 1515 2560 aetatis
1544 2508 1774 2578 populus
1794 2508 1872 2558 vi-

204 2594 400 2628 rorum.
459 2578 640 2647 itaque
669 2578 1011 2629 matrimonia
1038 2595 1071 2628 a
1096 2577 1335 2629 finitimis
1410 2579 1562 2630 etita:
1586 2578 1745 2658 ‚quia
1762 2594 1872 2628 non

203 2645 636 2714 inpetrabantur,
666 2664 827 2697 manu
858 2654 1013 2716 capta
1033 2654 1171 2698 sunt.
1230 2648 1367 2698 simu
1388 2648 1488 2698 atis
1512 2664 1705 2716 quippe
1725 2645 1866 2697 ludis
1885 2655 1926 2689 35
2008 2648 2009 2651 ’

206 2714 542 2783 equestribus
579 2716 818 2784 virgines
831 2756 844 2781 ,
894 2733 1029 2785 quae
1051 2716 1137 2768 ad
1183 2716 1545 2785 spectaculum
1591 2722 1868 2780 venerant,

204 2784 436 2851 praedae
466 2785 633 2847 fuere.
684 2791 735 2836 et
759 2784 892 2836 haec
913 2786 1092 2836 statim
1121 2802 1281 2836 causa
1298 2784 1577 2837 bel-lorum.
1628 2783 1770 2853 pulsi
1789 2783 1870 2834 fu-

142 2864 192 2905 11
214 2853 431 2922 gatique
452 2853 723 2906 Veientes.
763 2853 1178 2905 Caeninensium
1198 2861 1408 2924 captum
1426 2871 1488 2904 ac
1509 2853 1772 2922 direptum
1793 2858 1872 2904 est
