2020 3168
647 208 719 287 11,
741 209 947 264 26—30
968 207 1094 277 [1111‚
1122 207 1221 278 12].
1246 222 1250 223 ’
1686 211 1774 260 101

122 350 411 418 adgressus
460 353 541 399 est
550 385 566 412 ‚
614 345 708 416 qui
749 344 945 413 viginti
998 340 1400 404 centurionibus
1456 343 1515 393 in
1566 360 1782 408 crucem

122 419 255 471 actis
291 416 394 470 hoc
429 414 578 470 velut
612 419 943 475 sacramento
991 417 1330 482 sumpserant
1368 408 1595 480 bellum,
1643 413 1779 468 adeo

123 493 270 539 certa
288 485 547 541 victoriae
569 500 688 553 spe,
711 489 771 534 ut
786 479 1045 562 praedam
1068 487 1193 531 ante
1210 480 1458 549 pactione
1478 478 1778 549 diviserint.

124 553 386 612 Cherusci
421 562 612 623 equos,
650 549 815 612 Suebi
852 567 1041 618 aurum
1077 556 1130 616 et
1166 554 1472 617 argentum,
1512 547 1778 610 Sicambri
1795 569 1851 610 25

81 645 103 677 5
122 624 365 694 captivos
402 621 703 690 elegerant3
742 619 838 672 sed
873 619 1052 673 omnia
1086 625 1395 683 retrorsum.
1431 619 1606 671 victor
1633 635 1779 671 nam·

39 736 42 739 .
122 710 225 763 que
269 691 485 750 Drusus
526 705 717 760 equos,
762 705 986 758 pecora,
1027 694 1247 756 torques
1296 704 1481 740 eorum
1527 689 1780 759 ipsosque

118 759 375 831 praedam
409 758 595 810 divisit
643 763 697 808 et
730 756 1001 823 vendidit3
1047 763 1101 820 et
1173 762 1414 817 raeterea
1457 755 1515 806 in
1555 757 1778 809 tutelam
1794 764 1850 807 26

117 828 431 899 provinciae
508 825 744 877 raesidia
778 831 938 894 atque
975 830 1142 888 custo
1169 823 1246 874 ‘as
1277 822 1479 893 ubique
1517 824 1600 876 dis
1641 827 1782 877 osuit

116 915 215 968 per
240 895 449 962 Mosam
515 911 699 961 umen,
730 910 828 963 per
856 891 1050 959 Albin,
1075 910 1173 962 per
1200 891 1478 960 Visurgin.
1519 894 1578 943 in
1655 893 1783 958 beni

62 987 104 1021 ιο
159 964 341 1021 uidem
383 965 503 1034 ripa
556 962 947 1044 quinquaginta
994 960 1225 1032 amplius
1285 959 1508 1023 castella
1563 961 1778 1015 direxit.

170 1052 374 1087 ormam
409 1041 463 1086 et
500 1031 880 1084 Caesonacum
909 1030 1162 1100 pontibus
1197 1029 1375 1081 iunxit
1410 1028 1673 1083 classibus
1714 1049 1781 1083 ue

119 1104 371 1156 firmavit.
405 1102 642 1154 invisum
677 1107 731 1151 at
767 1117 836 1151 ue
872 1100 1207 1151 inaccessum
1242 1099 1300 1150 in
1327 1097 1386 1150 id
1412 1105 1622 1168 tempus
1700 1118 1778 1152 er·
1797 1109 1851 1148 27

122 1173 340 1242 cynium
374 1171 569 1223 saltum
638 1119 872 1220 atetqecit.
907 1186 971 1220 ea
1003 1168 1235 1237 denique
1269 1168 1328 1218 in
1352 1166 1644 1220 Germania
1673 1187 1784 1239 pax

122 1247 264 1308 erat,
294 1249 354 1292 ut
384 1239 576 1292 mutati
599 1188 873 1303 bomines,
908 1236 1016 1289 alia
1045 1243 1212 1302 terra,
1245 1235 1451 1294 caelum
1474 1237 1651 1306 ipsum
1684 1239 1780 1289 mi-

68 1328 109 1364 15
123 1311 231 1374 tius
267 1309 480 1366 mollius
518 1324 588 1359 ue
624 1306 780 1373 solite
808 1306 1101 1378 videretur.
1139 1305 1263 1357 deni
1301 1323 1368 1369 ue
1399 1322 1507 1370 non
1534 1324 1631 1375 per
1650 1306 1778 1358 adu·
1796 1306 1852 1347 28

120 1379 401 1444 lationem,
440 1394 496 1428 se
573 1394 644 1428 ex
673 1375 904 1440 meritiS,
955 1373 1209 1427 defuncto
1249 1375 1268 1424 i
1308 1374 1326 1424 i
1372 1373 1666 1427 fortissimo
1700 1376 1780 1427 iu-

119 1465 282 1513 vene,
318 1446 448 1515 ipsi,
496 1444 641 1514 quod
687 1460 978 1514 numquam
1018 1442 1179 1508 alias,
1230 1449 1446 1494 senatus
1485 1460 1781 1511 cognomen

121 1533 191 1576 ex
221 1514 501 1585 provincia
535 1512 701 1570 dedit.

188 1590 191 1593 '
262 1582 370 1636 Sed
388 1580 663 1646 difficilius
685 1587 768 1642 est
791 1581 1100 1650 provincias
1128 1579 1371 1633 obtinere
1392 1579 1776 1651 quanifacere3
1795 1586 1851 1627 29

15 1666 17 1669 ’
63 1651 327 1704 zoviribus
362 1658 645 1722 parantur,
682 1651 798 1702 iure
823 1651 1136 1702 retinentur.
1175 1650 1340 1718 igitur
1368 1648 1538 1700 breve
1554 1648 1623 1700 'id
1653 1667 1781 1718 gau·
1799 1654 1856 1696 30

121 1721 286 1773 dium.
326 1721 522 1790 quippe
552 1719 810 1772 Germani
838 1719 971 1771 victi
997 1719 1172 1787 magis
1206 1735 1365 1788 quam
1394 1718 1584 1770 domiti
1614 1727 1779 1787 erant,

119 1806 402 1859 moresque
446 1796 659 1842 nostros
702 1789 875 1856 magis
920 1805 1080 1859 quam
1126 1804 1276 1839 arma
1313 1786 1413 1839 sub
1460 1787 1781 1856 imperatore

119 1858 300 1911 Druso
334 1875 424 1912 sus
464 1856 724 1924 iciebant3
759 1864 1044 1927 postquam
1078 1855 1169 1908 ille
1203 1856 1487 1908 defunctus
1525 1863 1621 1923 est,
1648 1857 1782 1909 Vari
1798 1853 1850 1894 31

122 1926 375 1992 Quintilii
441 1926 703 1979 ibidinem
758 1943 821 1977 ac
874 1925 1179 1995 superbiam
1225 1925 1356 1977 haut
1413 1943 1568 1978 secus
1625 1943 1786 1995 quam

64 1995 404 2049 zssaevitiam
441 1995 619 2047 odisse
656 2002 962 2064 coeperunt.
1011 2011 1174 2046 ausus
1220 1993 1312 2061 ille
1350 2012 1511 2063 agere
1555 2012 1784 2047 conven-

119 2072 258 2131 tum,
293 2070 346 2115 et
380 2064 649 2116 incautius
686 2063 954 2130 edixerat,
993 2063 1147 2133 quasi
1180 2062 1494 2115 violentiam
1527 2062 1783 2116 barbaro-

118 2151 238 2184 rum
282 2131 486 2187 lictoris
523 2133 694 2203 virgis
740 2140 792 2184 et
818 2133 1099 2202 praeconis
1134 2149 1267 2184 voce
1302 2138 1485 2201 posset
1519 2131 1779 2184 inhibere.

120 2209 176 2261 at
194 2201 300 2268 illi,
320 2204 419 2271 ‘qui
439 2203 546 2253 iam
563 2201 775 2272 pridem
794 2201 1041 2270 robigine
1063 2200 1265 2254 obsitos
1297 2218 1452 2268 enses
1474 2200 1781 2271 inertesque
1801 2209 1855 2253 32

119 2277 420 2322 maererent
443 2283 624 2340 equOS,
644 2277 705 2322 ut
725 2271 955 2340 primum
974 2278 1128 2340 togas
1151 2277 1204 2321 et
1227 2270 1480 2333 saeviora
1490 2271 1652 2322 armis
1665 2271 1784 2322 iura

66 2339 399 2405 aoviderunt,
439 2339 574 2400 duce
607 2339 854 2402 Arminio
883 2357 1032 2391 arma
1059 2339 1382 2408 corripiunt3
1412 2356 1534 2391 cum
1566 2339 1783 2391 interim
1800 2349 1856 2392 33

119 2415 270 2459 tanta
309 2414 424 2459 erat
457 2407 603 2470 Varo
637 2409 788 2478 pacis
815 2408 1038 2475 fiducia,
1084 2415 1144 2461 ut
1187 2426 1256 2460 ne
1302 2407 1518 2478 prodita
1564 2407 1782 2478 quidem

119 2495 215 2547 per
254 2474 531 2558 Segestem
561 2494 727 2542 unum
753 2479 1058 2559 principum
1086 2478 1453 2531 coniuratione
1484 2494 1781 2530 commove-

121 2553 283 2615 retur.
339 2553 518 2616 1taque
555 2547 897 2616 inprovidum
932 2554 984 2599 et
1018 2546 1152 2598 nihil
1187 2545 1295 2599 tale
1340 2553 1664 2599 metuentem
1712 2558 1782 2598 ex
1797 2558 1854 2601 34

119 2615 396 2684 inproviso
434 2614 636 2681 adorti,
684 2633 805 2667 cum
840 2615 932 2668 ille
966 2648 1037 2657 —-
1074 2634 1104 2668 o
1142 2616 1429 2668 securitas!
1467 2646 1538 2655 -—
1581 2614 1651 2666 ad
1685 2614 1778 2666 tri-

66 2695 107 2728 35
121 2683 288 2735 bunal
342 2684 556 2751 citaret,
612 2683 848 2754 undique
899 2684 1188 2751 invadunt3
1254 2692 1432 2738 castra
1481 2684 1777 2753 rapiuntur,

122 2759 233 2804 tres
261 2751 502 2821 legiones
532 2753 921 2823 opprimuntur.
958 2752 1135 2806 Varus
1164 2753 1375 2822 perdita
1398 2759 1573 2804 castra
1592 2751 1779 2804 eodem
1793 2761 1850 2805 35

125 2838 228 2890 quo
260 2820 599 2873 Cannensem
640 2821 782 2874 diem
811 2821 1010 2874 Paulus
1048 2830 1100 2875 et
1139 2822 1250 2874 fato
1288 2829 1367 2873 est
1403 2828 1456 2872 et
1491 2821 1668 2873 animo
1700 2837 1780 2872 se·

123 2897 293 2941 cutuS.
330 2889 466 2941 nihil
498 2889 593 2941 illa
634 2890 797 2943 caede
832 2908 929 2960 per
959 2891 1183 2961 paludes
1219 2907 1420 2961 perque
1460 2889 1623 2942 silvas
1663 2906 1779 2942 cru-
1794 2902 1851 2945 36
