2020 3168
720 168 732 170 *
795 170 1120 209 PRAEFATIO
1128 195 1140 208 .
1812 179 1879 211 lx

59 291 223 339 addidi
258 305 318 336 ex
345 291 495 336 Iahnii
536 291 655 338 coni.
703 315 764 322 —
808 293 890 344 29,
927 294 984 337 18
1017 289 1383 333 Trasumennus.-
1427 288 1778 347 thrasymennus
1816 292 1872 345 N,

19 389 23 392 .
58 360 443 420 thrasymenusB,
471 360 766 405 Trasimenus
786 359 838 406 Ο.
854 357 919 404 Cf.
941 357 1244 403 Ritschelium
1270 358 1315 401 in
1340 356 1625 403 Mus.Rhen.
1643 360 1880 416 novonl,

57 444 105 489 p.
127 434 209 478 565
232 435 277 474 et
287 429 677 488 Heerwagenium
704 428 764 473 ad
785 429 882 474 Liv.
908 427 1048 485 XXII,
1074 430 1116 484 4,
1143 433 1185 474 1.
1213 451 1272 458 —
1302 430 1372 482 29,
1395 430 1450 474 19
1468 439 1550 470 ars
1569 441 1686 473 nova
1707 428 1878 474 eodm:

0 497 2 499 ’
51 510 174 558 pars
190 512 308 545 nova
329 498 381 545 Ο.
407 523 477 530 —-
498 502 571 553 29,
593 503 650 546 35
679 503 787 556 post
805 510 947 543 eurus
966 502 1036 542 est
1056 498 1102 542 in
1123 496 1159 541 B
1179 509 1343 540 rasura
1363 497 1565 553 itemque
1592 498 1776 555 syllaba
1795 510 1885 542 rus

59 570 106 614 in
138 581 306 613 rasura
327 581 388 614 m.
430 581 528 612 sec.
567 569 741 625 scripta
771 571 868 625 est,
898 572 946 611 ut
977 567 1218 624 suspicere
1252 565 1548 623 participium
1582 572 1690 623 post
1721 578 1881 622 eurus,

58 638 187 684 velut
204 634 373 696 flans,
393 636 702 681 intercidisse.
742 661 812 668 --
852 639 938 692 30,
965 640 1020 683 16
1039 649 1150 680 mox
1186 639 1230 679 et
1251 636 1395 692 ipsius
1414 640 1457 679 et
1474 637 1705 679 exereitus
1731 636 1881 679 ardor

49 706 300 751 Dukerus:
321 719 432 751 mox
451 707 608 763 etipse
630 711 672 749 et
688 706 831 761 ipsius
849 716 1007 749 exere.
1029 718 1075 750 a.
1091 704 1193 759 BO3
1219 717 1330 748 mox
1346 708 1389 747 et
1409 705 1507 761 ipse
1526 708 1569 748 et
1586 716 1743 749 exere.
1764 718 1808 750 a.
1822 703 1881 750 N.

0 793 18 832 χ
60 775 129 822 Cf.
160 774 308 820 Iahnii
331 776 481 832 praef.
507 788 551 832 p.
584 766 766 818 XXIIII.
796 798 868 806 —-
896 777 979 830 30,
1014 778 1071 822 35
1109 773 1422 819 revivescentis
1466 773 1530 816 B:
1575 774 1885 819 reviviscentis

0 829 10 844 x
57 844 157 891 ΝΟ.
201 868 271 877 -
317 847 388 899 31,
416 848 444 891 5
471 845 671 901 reppulit
689 844 735 887 in
757 843 1070 901 Camp.vsuam
1090 842 1155 886 H:
1185 856 1270 899 pro
1298 842 1495 899 reppulit
1518 841 1693 886 habent
1718 841 1878 887 BIbhO

0 912 7 916 ”
54 914 272 973 perpulit,
297 912 393 970 le
411 914 601 971 pepulit.
648 912 714 957 De
740 913 1028 957 commutatis
1055 913 1249 970 syllabis
1268 923 1358 968 per
1379 915 1424 955 et
1442 922 1496 955 re
1523 912 1582 954 ef.
1603 925 1650 968 p.
1674 917 1776 965 100,
1810 916 1880 966 15,

61 984 136 1029 ubi
166 983 208 1028 N
231 981 371 1028 habet
401 982 590 1040 repulit,
627 982 663 1026 B
687 984 893 1039 perpulit
917 995 976 1025 ex
1005 981 1231 1039 reppulit;
1258 995 1307 1039 p.
1335 982 1405 1036 17,
1430 985 1485 1027 21
1514 985 1588 1025 est
1613 981 1661 1025 in
1691 979 1727 1023 B
1753 985 1879 1024 reete

10 1069 13 1075 ¹
54 1054 243 1112 pereqit‚
275 1052 320 1096 in
346 1051 387 1096 N
411 1052 612 1110 redeyit,-
638 1066 686 1109 p.
707 1054 777 1108 77,
797 1055 825 1098 9
854 1053 900 1095 in
921 1051 958 1094 Β
978 1051 1192 1108 perrexit
1216 1064 1300 1108 pro
1330 1052 1539 1108 respexit
1547 1068 1564 1101 ;
1590 1063 1635 1096 v.
1657 1050 1795 1094 etiam
1819 1049 1880 1094 ad

58 1137 105 1181 p.
124 1125 196 1177 47,
216 1123 258 1168 4.
295 1121 361 1165 De
383 1121 609 1166 sententia
629 1125 780 1165 aulem
802 1123 858 1164 ef.
881 1135 929 1178 p.
944 1125 1017 1176 53,
1037 1125 1064 1166 2
1079 1120 1241 1165 Didius
1260 1131 1400 1179 vapos
1423 1142 1486 1151 —-
1516 1145 1575 1151 —
1604 1121 1729 1164 intra
1749 1132 1882 1164 suam

59 1192 260 1249 reppulit
284 1190 536 1247 *Thraciam
571 1195 615 1234 et
649 1205 694 1248 p.
731 1194 811 1246 60,
842 1195 871 1238 3
907 1191 1288 1235 bellicosissimam
1310 1194 1486 1247 yentem
1522 1191 1569 1234 in
1601 1189 1733 1234 sedes
1769 1201 1887 1233 suas

64 1261 262 1307 reduxit.
291 1284 363 1291 —-
386 1264 459 1316 31,
483 1263 513 1307 8
530 1273 622 1317 pro
638 1260 793 1316 pudor
812 1260 874 1303 H:
916 1260 1072 1317 pudor
1097 1259 1132 1303 B
1147 1294 1158 1313 ,
1179 1273 1205 1304 o
1222 1259 1383 1318 pudor
1405 1256 1490 1314 IN,
1521 1259 1726 1317 populus
1745 1258 1864 1304 Rom

62 1329 97 1375 Ο
131 1343 191 1372 ex
217 1342 303 1372 sua
340 1330 463 1372 coni.
535 1329 750 1387 Vestigia
785 1329 995 1372 lectionis
1027 1342 1119 1385 pro
1140 1330 1320 1385 pudor,
1362 1333 1410 1372 ut
1439 1328 1546 1372 item
1574 1328 1689 1372 dixit
1714 1328 1886 1372 Florus

58 1413 104 1457 p.
133 1403 201 1455 ll,
233 1400 302 1451 17,
334 1397 445 1442 mihi
471 1398 601 1442 visus
629 1411 728 1441 sum
747 1399 982 1455 reperisse
1010 1398 1057 1441 in
1083 1399 1311 1454 scriptura
1333 1397 1509 1442 codicis
1530 1398 1578 1443 Ib
1597 1432 1608 1454 ,
1639 1399 1714 1454 qui
1742 1397 1887 1442 habet

59 1474 208 1512 tmnor
235 1467 432 1524 pudoris
460 1481 545 1524 pro
575 1472 668 1511 tum
694 1468 878 1524 pudor‚·
910 1480 1031 1511 nunc
1067 1472 1219 1510 tamen
1249 1467 1433 1511 mallem
1460 1468 1610 1524 ipsam
1639 1467 1886 1510 lectionem

61 1537 237 1582 codicis
256 1536 292 1580 B
319 1538 619 1593 recepissem,
649 1541 897 1594 propterea
921 1536 1046 1594 quod
1069 1537 1233 1581 Florus
1261 1537 1306 1579 in
1326 1536 1398 1580 his
1425 1536 1634 1580 formulis
1654 1537 1887 1580 exclama·

62 1607 199 1651 [lonis
225 1606 312 1670 sibi
344 1606 529 1650 mInime
552 1611 755 1661 constat3
787 1607 853 1650 sie
882 1612 952 1651 est
975 1619 1066 1663 pro
1086 1606 1282 1650 dedecus
1313 1619 1359 1662 p.
1386 1609 1458 1660 48,
1483 1608 1557 1660 28,
1584 1618 1672 1662 pro
1694 1604 1890 1663 facinus

60 1691 106 1734 p.
129 1678 200 1730 74,
220 1680 263 1729 2,
279 1689 370 1733 pro
395 1675 531 1734 nefas
551 1689 596 1733 p.
613 1678 683 1732 75,
705 1682 730 1723 1
751 1681 794 1719 et
816 1680 888 1730 81,
915 1680 943 1723 9
956 1688 968 1730 ;
992 1681 1152 1719 eontra
1169 1675 1359 1733 facinus
1375 1675 1636 1734 indiynum!
1660 1689 1705 1732 p.
1725 1678 1795 1729 76,
1809 1678 1881 1730 29,

59 1745 224 1804 nefas!
243 1759 290 1802 p.
310 1747 382 1800 47,
407 1751 429 1791 1
451 1750 496 1789 et
515 1749 587 1800 30,
607 1760 651 1802 p.
668 1747 740 1801 84,
771 1749 850 1799 13;
873 1759 897 1789 o
922 1744 1061 1804 nefas
1079 1759 1125 1803 p.
1147 1747 1218 1801 78,
1248 1746 1317 1792 26.
1380 1744 1446 1788 De
1474 1745 1704 1789 sententIa
1732 1749 1882 1789 autem

63 1817 123 1859 ef.
150 1829 197 1872 p.
220 1817 299 1869 74,
332 1818 391 1861 38
415 1828 485 1872 sq.
516 1837 585 1845 —
610 1819 666 1862 31
682 1850 693 1869 ,
720 1821 770 1860 15
795 1815 1032 1873 mediaque
1052 1815 1108 1859 de
1134 1815 1273 1859 Italia
1298 1813 1512 1873 Africam
1532 1814 1718 1873 faceret
1748 1818 1883 1857 acute

64 1884 262 1929 coniecit
286 1883 372 1927 Ed.
395 1884 651 1928 Wurmius.
674 1909 741 1914 -—-
761 1888 833 1940 31,
860 1888 920 1931 34
944 1898 1047 1929 cum
1072 1887 1163 1929 iam
1186 1886 1400 1930 evasisset
1417 1885 1464 1928 in
1490 1889 1664 1928 turrem
1687 1884 1748 1926 H:
1781 1896 1883 1927 eum

62 1956 154 1999 uim
173 1966 240 2000 ev.
266 1955 313 1997 in
340 1956 513 1997 turrem
533 1953 626 2009 ΒΟ,
665 1955 756 1997 iam
778 1967 869 1997 om.
900 1954 954 1998 N.
989 1978 1059 1985 ——
1084 1958 1155 2009 32,
1184 1958 1235 2001 11
1265 1966 1322 1998 ne
1351 1955 1399 1998 in
1434 1959 1724 2011 conspectum
1753 1964 1885 1996 suum

61 2023 240 2083 quidem
259 2022 375 2079 BIp:
419 2035 478 2066 ne
510 2025 557 2066 in
587 2036 746 2080 consp.
776 2023 954 2082 quidem
979 2036 1111 2068 suum
1136 2024 1235 2068 ΝΟ.
1274 2048 1343 2056 —
1393 2027 1464 2076 32,
1498 2027 1552 2071 19
1577 2023 1825 2067 Tarentum
1846 2021 1884 2065 Β

63 2093 175 2151 Ibp:
223 2091 449 2137 Tarentus
484 2092 536 2135 Ih
571 2090 638 2147 (12)
670 2092 768 2137 ΝΟ.
840 2094 1027 2137 Praeter
1059 2093 1181 2138 hunc
1208 2094 1359 2138 locum
1404 2094 1717 2138 nominativus
1745 2092 1883 2135 huius

65 2162 266 2208 nominis
290 2161 435 2206 semel
463 2161 589 2218 apud
612 2163 796 2206 Florum
825 2163 989 2220 legitur
1011 2177 1057 2220 p.
1087 2166 1139 2210 17
1159 2197 1169 2216 ,
1198 2166 1267 2218 29,
1295 2162 1371 2206 ubi
1396 2163 1432 2207 B
1461 2163 1703 2217 Tarentus,
1723 2162 1762 2205 N
1792 2161 1882 2205 Ta-

66 2238 219 2277 rentos
246 2231 400 2276 habet.
425 2255 493 2261 —
516 2235 597 2288 32,
626 2236 684 2278 20
707 2232 840 2276 sedes
859 2233 1019 2277 domus
1046 2238 1088 2276 et
1104 2234 1262 2290 patria
1292 2232 1347 2275 BI
1361 2243 1371 2276 :
1421 2233 1554 2277 sedes
1587 2237 1628 2275 et
1658 2232 1816 2276 domus
1846 2242 1889 2274 ec

61 2304 220 2360 patria
245 2301 315 2355 N3
350 2300 508 2345 domus
539 2301 715 2345 delevit
739 2301 791 2347 Ο.
869 2302 932 2345 De
959 2304 1126 2360 copula
1154 2306 1197 2345 et
1225 2304 1404 2359 (atque)
1443 2304 1487 2346 in
1521 2301 1652 2344 terlio
1682 2302 1886 2343 membro

66 2372 219 2429 posita
250 2372 305 2413 es.
335 2384 380 2426 p.
405 2373 475 2424 29,
501 2373 572 2417 38.
601 2374 671 2426 54,
693 2376 738 2418 3.
768 2376 839 2425 55,
868 2375 936 2418 18.
968 2376 1039 2426 62,
1068 2375 1139 2418 23.
1166 2374 1236 2426 63,
1263 2374 1333 2417 27.
1364 2375 1434 2424 69,
1465 2375 1507 2418 8.
1534 2373 1604 2425 84,
1639 2373 1684 2416 8.
1711 2374 1782 2425 88,
1811 2371 1883 2415 37.

66 2445 138 2494 90,
165 2444 234 2487 19.
262 2443 333 2493 98,
362 2441 430 2485 27.
452 2464 523 2470 —
539 2443 610 2494 33,
637 2445 687 2485 11
709 2441 833 2485 Nero
862 2442 909 2484 in
937 2442 1137 2485 ultimum
1161 2441 1326 2485 Italiae
1351 2442 1565 2499 anyulum
1584 2443 1889 2483 summoverat

68 2510 334 2554 Annibalem
355 2509 419 2552 H:
466 2508 524 2552 N.
546 2512 593 2553 in
622 2510 772 2555 ultimo
799 2508 979 2565 (ultimu
997 2512 1067 2567 Ib)
1104 2511 1164 2555 It.
1196 2511 1361 2569 anyulo
1380 2515 1683 2555 summoverat
1707 2509 1762 2551 A.
1798 2508 1884 2561 BI;

69 2580 128 2623 Ν.
153 2581 199 2623 in
217 2580 368 2624 ultimo
401 2579 443 2622 I.
477 2580 641 2637 anqulo
666 2580 969 2625 summovebat
984 2582 1038 2625 A.
1073 2580 1107 2625 Ο
1139 2579 1394 2625 seeundum
1416 2579 1471 2624 N.
1527 2580 1885 2634 Plusquamper-

69 2650 238 2693 sectum
270 2648 561 2693 retinendum
591 2663 723 2704 esse,
752 2664 840 2707 quo
869 2655 1046 2695 retento
1078 2650 1341 2694 coniectura
1362 2663 1466 2693 mea
1493 2650 1586 2693 fere
1618 2645 1886 2690 necessaria

68 2724 164 2772 est,
205 2724 399 2776 apparet
428 2733 486 2762 ex
512 2720 717 2762 membro
757 2720 1011 2764 contrario:
1050 2720 1203 2765 Livius
1226 2745 1297 2752 —
1325 2743 1379 2749 —
1423 2721 1554 2776 siqna
1584 2720 1885 2761 converterat.

69 2786 139 2833 Cf.
161 2790 295 2832 etiam
322 2801 367 2845 p.
384 2792 456 2842 32,
477 2792 549 2836 34.
579 2812 647 2818 --
673 2792 749 2844 33,
773 2791 826 2834 14
844 2791 967 2833 omni
987 2803 1078 2848 qua
1107 2791 1363 2847 lonqissima
1391 2793 1457 2832 est
1474 2788 1612 2832 Italia
1633 2787 1725 2830 solo
1743 2787 1884 2828 inter-

66 2859 241 2903 iacente
282 2858 361 2914 Ibp
390 2860 458 2913 (et
495 2857 622 2902 haud
661 2857 798 2903 dubie
831 2859 967 2903 etiam
996 2859 1072 2914 h):
1125 2865 1190 2903 est
1226 2871 1315 2902 om.
1352 2856 1461 2912 NO3
1513 2858 1635 2901 omni
1666 2869 1756 2914 qua
1790 2855 1885 2899 lon—
