2020 3168
842 276 1184 335 mmmmm.
1843 275 1928 315 vn

22 456 25 458 ,
103 381 191 464 pes
216 403 275 449 P:
305 401 486 458 alcippe
513 396 573 454 Ο;
602 393 812 458 Alcippei
832 388 892 452 S3
918 395 1146 441 Arsinoae
1172 394 1294 451 Cic.;
1326 383 1580 457 Ἀρσινόης
1607 394 1691 456 τῆς
1716 391 1933 440 Λευκίπ-

106 468 205 517 stov
241 470 275 515 Ι.
309 469 496 528 Lydus,
546 466 667 511 unde
703 465 957 524 Leucippes
988 478 1074 523 per
1109 477 1313 510 errorem
1353 466 1409 509 ab
1446 465 1661 522 Ampelio
1709 464 1930 521 seriptum

27 578 30 582 .
109 554 217 605 esse
256 539 478 584 conicias.
514 529 538 601 Η
573 540 632 583 20
663 535 804 593 Caeli]
841 535 961 581 Coeli
982 535 1016 578 P
1047 539 1093 578 et
1116 534 1264 589 Dav.;
1298 533 1482 579 hacdeli
1517 532 1550 578 Ο
1587 527 1608 617 Η
1642 538 1698 580 21
1723 532 1933 578 Aetheris

32 627 33 630 ¹
108 609 194 653 W:
236 613 280 653 et
314 609 440 654 aeris
476 605 546 652 ΟΕ
580 597 602 668 Η
636 608 693 650 22
732 602 919 660 Oceani]
951 597 1180 664 δευτέραν
1219 597 1272 648 δὲ
1290 592 1480 664 Ἀφροῦ
1518 617 1602 647 και
1636 591 1935 664 Εὐρυνόμης

107 670 195 738 τῆς
224 668 466 723 Ὠκεανοῦ
498 675 534 720 Ι.
553 674 671 734 Lyd.
708 667 733 738 Η
766 676 822 721 26
850 674 1033 732 aegypti
1064 665 1085 737 Η
1111 674 1167 720 27
1195 674 1242 717 in
1267 672 1434 718 bellicis
1458 672 1522 717 D:
1562 674 1610 717 in
1632 672 1800 732 fecillis
1828 670 1861 717 Ο
1886 664 1910 736 Η

111 751 168 794 28
195 744 332 802 Solis]
358 745 479 792 Iovis
502 743 619 789 Dav.
645 737 668 807 Η
704 755 823 803 quae
852 742 1105 802 quadriyas
1127 741 1198 786 M:
1227 742 1479 802 quadrigas
1506 741 1539 787 Ο
1563 735 1585 806 Η
1621 746 1679 789 30
1704 742 1810 799 quia
1838 742 1935 785 eius

27 810 36 814 ’
109 817 187 862 vel
219 817 348 862 cuius
383 812 618 859 Halmius.-
662 813 742 871 qui
773 813 869 857 eius
891 806 981 856 ὈΕ
1015 805 1038 875 Η
1070 814 1128 858 33
1152 809 1332 856 Melone
1356 812 1428 866 M,
1467 811 1515 855 id
1542 816 1612 855 est
1637 811 1767 866 Nilo,
1800 810 1934 855 cuius

110 880 256 930 filium'
287 884 392 929 esse
419 881 582 927 scribit
609 880 731 926 Cie.:
768 892 951 925 merone
977 879 1039 935 Ο;’
1084 880 1142 924 cf.
1176 884 1355 937 tamen,
1391 893 1509 937 quae
1538 879 1597 923 de
1619 878 1751 924 Mero
1779 884 1933 923 monte

109 946 265 1018 narrat
291 951 437 999 Solin.
475 953 546 1006 52,
584 954 638 998 16
675 942 792 1015 Η,ὃὸ
826 948 1017 995 Cabirro
1056 947 1115 1004 C;
1156 941 1306 995 Cabito
1339 950 1376 993 E
1409 942 1432 1013 Η
1469 947 1686 993 Saturnio
1711 948 1799 992 W:
1844 947 1934 993 Sa-

29 1031 32 1035 '
108 1021 243 1070 turno
279 1021 350 1068 CE
389 1013 412 1088 Η
449 1023 507 1068 36
542 1019 662 1076 Nisi]
701 1033 761 1063 an
790 1017 937 1078 Nysi?
975 1012 997 1083 Η
1036 1023 1080 1063 et
1117 1017 1334 1077 Thyonae
1367 1019 1412 1062 M
1446 1032 1504 1063 ex
1540 1017 1662 1063 Cic.:
1710 1022 1755 1062 et
1784 1016 1933 1063 hesio-

104 1088 200 1138 'n'ae
228 1091 261 1138 Ο
283 1084 307 1156 Η
342 1093 399 1139 37
426 1087 633 1134 Aetheris
650 1089 737 1147 filii
752 1089 875 1145 filius
899 1088 962 1133 W
988 1102 1046 1132 ex
1072 1088 1104 1133 I.
1126 1087 1287 1145 Lydo:
1327 1086 1522 1147 πρῶτον
1541 1079 1782 1149 Ἡρακλέα
1815 1076 1936 1142 Διὸς

109 1161 198 1207 τοῦ
235 1154 453 1220 Αἰθέρος
503 1153 586 1202 καὶ
629 1148 890 1216 Λυσιθόης
932 1155 1018 1217 τῆς
1050 1147 1292 1202 Ὠκεανοῦ
1339 1151 1595 1217 γενέσθαιί
1652 1161 1695 1202 et
1729 1155 1935 1201 Aetheris

106 1233 229 1289 filius
256 1229 288 1275 Ο
312 1223 335 1294 Η
361 1233 419 1277 38
444 1230 625 1286 aeyypti
647 1222 669 1292 Η

258 1295 335 1363 1ι1,
364 1304 385 1345 1
417 1297 522 1352 loci]
549 1297 645 1343 ludi
667 1299 729 1353 D;
753 1297 918 1354 populi
939 1296 1146 1340 Halmius
1172 1289 1195 1360 Η
1221 1295 1451 1352 Hellenes]
1479 1296 1583 1340 Elei
1603 1295 1638 1339 D
1676 1291 1698 1361 Η
1727 1301 1755 1343 2
1781 1295 1936 1341 C'ronii

110 1370 198 1414 W:
241 1368 385 1413 Groni
408 1366 467 1421 C;
507 1366 630 1412 Iovis
657 1373 700 1412 et
725 1366 938 1411 Asteriae
969 1364 1060 1410 Cic.
1090 1370 1134 1408 et
1158 1365 1327 1409 Athen.
1358 1365 1436 1410 IX.
1463 1379 1543 1423 pg.
1570 1368 1679 1422 3923
1717 1367 1752 1411 I.
1773 1364 1934 1423 Lydus

29 1451 32 1454 ·
111 1432 337 1497 τέταρτον
353 1425 472 1489 Διὸς
495 1429 578 1479 καὶ
597 1427 778 1497 Θήβης.
803 1428 824 1499 Η
851 1439 1056 1479 carteres
1082 1428 1103 1498 Η
1128 1439 1156 1482 3
1180 1435 1344 1500 [ίᾷαηί
1358 1435 1421 1479 W
1442 1449 1501 1478 ex
1520 1434 1678 1493 Lydo:
1710 1434 1823 1480 Ioab
1846 1434 1934 1480 ΟΕ.

114 1507 326 1552 Ceterum
351 1493 514 1564 x'Idfing·
538 1503 751 1550 Herculis
780 1505 903 1548 filius
929 1508 1210 1549 memoratur
1242 1506 1297 1548 ab
1333 1504 1623 1561 Apollodoro
1649 1505 1701 1548 II.
1729 1508 1771 1557 7,
1797 1508 1826 1552 8
1852 1497 1873 1568 Η
1907 1508 1934 1550 5

111 1575 316 1630 Atlanta]
352 1575 548 1618 allianta'
569 1573 627 1630 C;
656 1574 782 1619 athla
805 1572 1012 1617 Halmius
1052 1567 1060 1638 Ι
1086 1575 1252 1619 domuit
1277 1572 1326 1617 Ο.
1353 1573 1402 1617 L.
1432 1572 1553 1618 Roth
1582 1574 1687 1619 coll.
1713 1575 1853 1618 Paus.
1872 1574 1933 1617 V.

40 1674 41 1677 =
114 1649 183 1700 18,
205 1649 253 1692 1;
290 1644 441 1688 docuit
468 1641 539 1687 ΟΕ
565 1637 586 1707 Η
611 1648 640 1691 8
659 1645 810 1702 potitis
839 1638 1037 1708 assyrii}
1078 1647 1104 1691 9
1133 1642 1486 1688 Lacedaemonii
1519 1642 1752 1688 Halmius:
1790 1642 1930 1687 Lace-

20 2044 24 2058 ‘
29 2015 33 2021 .
18 1876 34 2002 '‘v“RZW

29 2223 35 2231 .
43 2165 55 2230 xl

114 1715 356 1758 daemones
387 1712 458 1758 ΟΕ
491 1706 512 1775 Η
550 1719 604 1761 11
633 1715 887 1758 assirorum
922 1706 943 1774 Η
982 1717 1034 1759 12
1060 1718 1084 1766 S
1106 1719 1130 1761 1
1162 1713 1304 1757 Belus
1445 1711 1683 1770 Europae]
1714 1711 1785 1757 ΟΕ
1814 1712 1935 1756 hanc

45 1796 51 1799 ·
114 1782 464 1841 paragraphum
492 1787 598 1840 post
631 1786 656 1834 S
675 1788 703 1829 2
730 1782 916 1827 habent.
953 1775 975 1846 Η
1008 1796 1097 1840 per
1123 1782 1291 1828 Ninum
1318 1782 1602 1840 P2primum
1628 1781 1660 1827 Ο
1695 1776 1718 1915 Η
1759 1786 1810 1829 13
1835 1781 1933 1826 Da·

112 1866 253 1897 naum
274 1853 354 1903 P:
397 1851 595 1897 Darium
632 1851 665 1897 C
699 1844 736 1916 Η
758 1855 811 1899 16
849 1852 966 1897 Nino
1002 1845 1023 1917 Η
1058 1852 1266 1898 Dercetis
1291 1853 1363 1896 M:
1402 1851 1587 1897 Circetis
1622 1850 1655 1896 Ο
1689 1845 1696 1915 Ι
1752 1855 1804 1899 17
1836 1852 1935 1910 filia

113 1920 306 1967 columbi
337 1918 525 1966 seducta
560 1915 582 1986 Η
627 1925 684 1968 22
716 1920 1072 1979 Sardinapatlus
1105 1915 1127 1986 Η
1160 1925 1218 1970 24
1248 1921 1440 1966 subtecto
1476 1914 1497 1985 Η
1545 1925 1599 1970 27
1635 1921 1839 1966 Arbaces
1874 1921 1935 1964 P:

113 1991 314 2035 Arsaces
341 1989 374 2035 C
408 1983 431 2055 Η
464 1994 522 2037 28
546 1991 775 2055 transtulit
797 1986 918 2045 ***]
955 2005 1072 2049 quae
1100 1997 1378 2049 sequuntur,
1421 1992 1661 2035 iustissime
1686 1992 1836 2049 rexit,
1875 1989 1936 2033 ad

113 2059 331 2104 Deioeem
352 2060 583 2117 pertinere
618 2059 856 2106 videntur:
895 2061 954 2104 of.
985 2061 1119 2106 Oros.
1147 2067 1187 2114 1,
1209 2064 1289 2115 193
1325 2061 1556 2104 transtulit
1573 2062 1620 2104 in
1644 2059 1806 2106 Medos
1830 2060 1862 2104 P

113 2132 173 2177 34
186 2131 313 2174 tomis
334 2131 528 2176 citarum
545 2128 603 2174 C:
631 2130 826 2188 Tomyre
842 2128 1116 2188 Scytharum
1133 2131 1196 2185 E;
1228 2144 1287 2175 an
1305 2129 1546 2188 Tomyride
1559 2127 1866 2188 Scytharum?

261 2194 339 2258 12,
374 2205 402 2248 2
443 2211 586 2259 aeque
617 2200 654 2244 E
689 2193 712 2263 Η
750 2204 776 2245 5
802 2199 920 2243 redit
951 2192 973 2263 Η
1008 2203 1035 2247 6
1061 2201 1140 2259 qui
1160 2202 1270 2258 apin
1302 2192 1324 2264 Η
1362 2205 1416 2246 10
1442 2200 1649 2243 transibit
1684 2193 1706 2262 Η
1743 2205 1796 2246 11
1823 2199 1939 2243 duce

25 2307 34 2326 ,ἒ
114 2267 321 2313 Miltiade
348 2270 440 2313 W:
487 2270 680 2314 ducenta
706 2269 828 2312 milia
856 2268 951 2314 CE:
993 2271 1051 2314 cs.
1078 2269 1138 2315 ad
1164 2272 1236 2324 47,
1263 2269 1413 2327 prino.
1448 2262 1468 2332 Η
1507 2269 1636 2325 apud
1652 2268 1937 2312 Marathona

27 2416 39 2504 ,ιι

28 2505 39 2550 ἔ

30 2604 63 2760 Ξ.

32 2729 67 2876 ξ

114 2337 201 2382 W:
229 2338 358 2394 apud
373 2338 826 2396 pseudomarathona
853 2337 886 2383 C
917 2332 940 2402 Η
976 2341 1163 2384 recessit
1194 2344 1239 2383 et
1266 2339 1527 2384 decessisset
1557 2339 1645 2382 W:
1678 2338 1866 2382 decessit
1894 2342 1940 2381 et

115 2407 377 2452 recessisset
402 2407 435 2453 Ο
460 2400 483 2472 Η
509 2412 562 2455 12
587 2408 761 2453 Xerses
783 2399 806 2472 Η
835 2411 889 2455 14
914 2422 997 2455 nec
1022 2410 1263 2468 quicquam
1287 2410 1347 2453 P:
1384 2409 1657 2468 nequiquam
1679 2407 1711 2452 Ο
1737 2400 1758 2472 Η
1787 2412 1838 2453 15
1865 2409 1913 2450 in

115 2477 330 2522 conderet
364 2479 423 2522 P:
468 2477 687 2522 incideret
712 2477 745 2522 Ο
776 2475 796 2538 Η
836 2483 893 2526 21
924 2480 1067 2537 primi
1100 2478 1302 2537 Spartae
1336 2482 1645 2538 reynaverunt
1675 2479 1734 2522 P:
1774 2478 1941 2535 primis

30 2542 59 2611 ξ.
112 2551 250 2604 parte
278 2558 423 2605 regna
449 2554 756 2606 reynaverunt
780 2547 813 2593 Ο
838 2541 860 2612 Η
894 2551 951 2595 22
981 2548 1139 2607 quibus
1167 2548 1215 2594 C.
1238 2548 1315 2592 Fr.
1339 2547 1654 2592 Hermannus:
1696 2549 1771 2591 cui
1791 2545 1868 2590 ⁴CE
1893 2538 1916 2610 Η

116 2621 175 2664 23
206 2618 510 2676 septinyentos
545 2618 684 2661 innisi
718 2617 780 2662 T:
835 2624 1002 2675 septem
1037 2619 1170 2663 invisi
1207 2617 1267 2674 C;
1325 2620 1626 2676 septinyentos
1667 2619 1742 2660 usi
1774 2614 1821 2660 Ο.
1862 2616 1938 2659 Fr.

118 2684 434 2731 Hermannus:
476 2687 534 2730 cs.
573 2687 672 2730 Liv.
709 2690 781 2742 38,
818 2679 902 2742 343
957 2688 1052 2734 Cic.
1085 2702 1132 2745 p.
1170 2688 1339 2732 Flacco
1375 2691 1446 2742 26,
1474 2690 1531 2734 63
1566 2679 1587 2750 Η
1623 2690 1680 2734 26
1704 2686 1883 2730 centeni
1901 2689 1945 2728 ec

118 2755 173 2798 E.
201 2755 316 2799 Lud.
345 2769 372 2799 a
397 2755 622 2800 Leutsch:
652 2757 828 2800 centeni
854 2757 903 2800 id
926 2762 993 2802 est
1018 2757 1106 2803 ΟΕ.
1158 2757 1349 2801 Fallitur
1376 2757 1616 2814 Ampelius
1634 2791 1644 2809 ‚
1686 2755 1724 2799 si
1754 2753 1940 2811 quidem

120 2837 213 2867 non
249 2830 479 2870 trecentos
508 2827 553 2869 in
591 2826 885 2879 universum,
927 2827 1012 2871 sed
1038 2832 1251 2871 trecenos
1281 2827 1503 2883 utrImque
1532 2838 1773 2882 pugnasse
1802 2822 1942 2867 tradi·

35 2875 60 2930 ιζ’
120 2898 212 2937 tum
252 2900 348 2948 est3
388 2896 447 2938 ei.
479 2894 653 2939 Herod.
683 2896 713 2949 Ι,
739 2884 796 2941 82
831 2888 853 2955 Η
888 2898 952 2942 27μ
981 2901 1218 2953 tropaeum
1244 2897 1332 2938 W:
1378 2901 1419 2938 et
1454 2894 1633 2952 roseum
1672 2893 1732 2948 C;
1772 2897 1814 2937 et
1847 2896 1938 2935 tro-

60 3008 66 3082 ι
111 2962 315 3020 phaeum
342 2963 373 3008 S
409 2957 431 3028 Η
469 2967 524 3011 27
565 2963 787 3021 Tyrtacus
810 2966 873 3009 P:
912 2967 1078 3010 tercius
1106 2965 1139 3010 Ο
1174 2959 1195 3028 Η
1229 2967 1286 3010 28
1314 2965 1553 3009 εεείναειιῖο
1593 2956 1599 3026 Ι
1646 2966 1702 3009 29
1730 2964 1945 3019 poemate

118 3043 202 3087 suo
228 3033 290 3075 ita
316 3033 376 3075 P:
407 3038 656 3091 poenatcas
681 3038 787 3077 nota
826 3032 883 3089 C;
917 3037 1139 3092 poematis
1168 3035 1263 3078 suis
1286 3035 1349 3077 ita
1375 3033 1583 3077 Halmius
1625 3026 1633 3095 Ι
1656 3035 1710 3078 31
1737 3031 1837 3076 ᾱιιοε
1865 3030 1943 3090 qui
