2020 3168
626 181 1223 254 1,11-13[16—18].
1706 185 1767 234 17

98 339 229 374 mox
266 320 587 387 acervatim3
629 321 708 372 sic
743 327 923 372 tamen
994 337 1062 372 uo
1101 337 1170 371 ue
1195 334 1312 388 par
1358 318 1605 371 omnibus
1644 319 1764 371 fuit.

98 389 451 443 Etruscorum
464 388 745 441 duodecim
755 388 954 459 populi,
1027 337 1167 439 mqffi
1184 388 1243 439 in
1261 387 1319 440 id
1334 394 1543 468 tempus
1562 387 1766 454 intacti,

10 470 25 509 .’
98 457 504 529 antiquissimus
522 457 714 510 Italiae
741 456 986 528 populus„
1016 455 1338 510 Samnitium
1365 456 1560 527 rehqui
1587 457 1645 508 in
1674 474 1766 509 ex·

98 527 299 580 cidium
330 526 561 580 Romani
587 527 819 580 nominis
847 533 1068 596 repente
1098 526 1397 578 coniurant.
1449 532 1564 577 erat
1591 532 1765 577 terror
1781 549 1809 588 2

47 613 69 647 s
98 598 291 666 ingens
308 603 388 648 tot
405 595 563 648 simul
581 603 956 676 tantorumque
974 594 1309 666 populorum.
1358 593 1465 647 late
1485 612 1583 664 per
1604 593 1763 646 Etru-

97 667 234 719 riam
256 664 456 716 infesta
485 671 735 734 quattuor
753 682 1027 733 agminum
1055 665 1213 744 signa
1239 662 1558 716 volitabant.
1603 662 1765 715 Cimi-
1780 671 1807 714 3

34 779 38 784 .
96 735 219 786 nius
238 733 453 784 interim
472 731 640 784 saltus
659 733 717 784 in
742 733 933 798 medio,
961 739 1086 784 ante
1109 733 1290 784 invius
1308 731 1470 801 plane
1490 733 1644 802 quasi
1665 731 1764 784 Ca-

0 857 1 871 *
97 802 343 856 ledonius
376 800 467 854 vel
496 801 835 871 Hercynius,
874 800 1009 854 adeo
1041 808 1156 853 tum
1184 801 1379 853 terrori
1413 811 1553 867 erat,
1590 808 1650 852 ut
1684 818 1763 852 se-

13 898 17 931 5
96 878 254 923 natus
294 869 503 924 consuli
547 870 888 923 denuntiaret
930 888 999 922 ne
1041 876 1248 922 tantum
1290 868 1518 939 periculi
1551 869 1766 939 ingredi

16 947 84 1001 ‘1¹⁰
99 940 338 993 auderet.
381 946 464 991 set
480 938 616 991 nihil
633 939 823 992 horum
842 940 1035 991 terruit
1052 938 1256 1006 ducem,
1277 940 1407 1009 quin
1425 938 1592 991 fratre
1651 956 1765 990 rae·
1780 939 1810 980 4

10 1015 23 1025 ”
94 1011 259 1062 misso
286 1007 594 1078 exploraret
613 1026 882 1061 accessus.
923 1007 1016 1060 ille
1042 1026 1140 1078 per
1158 1015 1370 1060 noctem
1393 1015 1612 1078 pastora
1638 1008 1650 1019 '
1672 1006 1764 1059 ha-
1873 1070 1884 1082 ⁶

94 1078 214 1131 bitu
241 1077 543 1148 speculatus
565 1079 744 1130 omnia
770 1078 939 1130 refert
961 1084 1134 1129 tutum
1162 1078 1281 1129 iter.
1323 1078 1401 1129 sic
1426 1076 1630 1129 Fabius
1650 1076 1763 1129 Ma·
1780 1080 1807 1121 5

0 1169 1 1193 i
96 1148 274 1199 ximus
341 1145 815 1199 ericulosissimum
843 1145 1046 1199 bellum
1076 1147 1192 1198 sine
1224 1145 1464 1216 periculo
1487 1146 1762 1217 explicuit.

95 1234 221 1267 nam
247 1234 311 1268 su
351 1218 423 1268 ito
446 1215 749 1269 inconditos
774 1216 949 1296 adque
967 1214 1201 1285 palantis
1225 1215 1517 1285 adgressus
1542 1223 1623 1267 est
1642 1233 1763 1285 cap·

20 1306 80 1344 s15
96 1287 272 1355 tisque
294 1284 659 1354 superioribus
689 1286 832 1353 iugis
863 1302 921 1336 in
951 1283 1220 1337 subiectos
1252 1303 1346 1337 suo
1367 1285 1484 1337 iure
1505 1285 1762 1338 detonuit.

96 1371 161 1406 ea
176 1370 406 1423 namque
428 1355 637 1422 species
667 1353 772 1405 fuit
798 1352 945 1404 illius
965 1351 1112 1420 belli,
1142 1355 1298 1423 quasi
1327 1355 1385 1405 in
1409 1355 1713 1423 terrigenas
1735 1371 1764 1405 e
1780 1365 1807 1408 6

14 1458 23 1464 -
95 1422 244 1475 caelo
272 1439 336 1474 ac
365 1421 599 1474 nubibus
634 1421 744 1474 tela
772 1423 1092 1473 iacerentur.
1149 1440 1250 1474 nec
1280 1423 1561 1474 incruenta
1583 1430 1765 1476 tamen
1780 1438 1805 1477 7

19 1499 23 1502 ’
93 1491 190 1544 illa
207 1491 452 1544 victoria.
481 1508 608 1542 nam
626 1508 912 1561 oppressus
934 1491 991 1541 in
1013 1491 1135 1543 sinu
1152 1490 1312 1543 vallis
1333 1491 1468 1544 alter
1488 1492 1767 1544 consulum

94 1561 298 1612 Decius
324 1578 472 1612 more
500 1562 677 1631 patrio
712 1560 968 1616 devotum
994 1559 1077 1612 dis
1098 1560 1346 1612 manibus
1373 1560 1564 1630 optulit
1591 1569 1764 1630 caput,

0 1674 1 1685 ,
22 1648 83 1699 ,20
99 1629 515 1700 sollemnemque
541 1628 778 1682 familiae
801 1646 929 1681 suae
949 1631 1406 1682 consecrationem
1427 1631 1484 1681 in
1507 1631 1766 1682 victoriae

0 1698 1 1742 ἶ
94 1700 328 1769 pretium
353 1699 581 1769 peregit.

416 1807 578 1860 XIII.
613 1807 922 1860 BELLVM
940 1807 1451 1860 TARENTINVM.

237 1904 489 1974 Sequitur
508 1903 711 1956 bellum
730 1904 1096 1972 Tarentinum,
1118 1923 1285 1956 unum
1305 1904 1520 1975 quidem
1537 1904 1692 1958 titulo
1712 1912 1765 1958 et
1779 1910 1847 1964 18

96 1975 337 2039 nomine,
383 1980 464 2025 set
492 1974 721 2026 victoria
754 1972 1055 2043 multiplex.
1118 1973 1221 2026 hoc
1263 1975 1406 2026 enim
1443 1973 1763 2044 CampanOS,

41 2056 84 2090 25
99 2041 306 2112 Apulos
327 2049 487 2113 atque
513 2042 765 2095 Lucanos
793 2050 845 2094 et
873 2051 1034 2112 caput
1062 2041 1194 2094 belli
1223 2042 1561 2110 TarentinOS,
1596 2043 1654 2095 id
1686 2052 1767 2097 est

95 2120 262 2165 totam
280 2110 508 2179 Italiam,
539 2118 594 2164 et
620 2129 742 2163 cum
760 2112 827 2163 iis
847 2110 1094 2164 omnibus
1114 2111 1397 2181 Pyrrhum,
1412 2111 1767 2164 clarissimum

99 2181 361 2233 Graeciae
384 2199 584 2250 regem,
608 2198 719 2232 una
736 2180 906 2233 veluti
924 2182 1081 2232 ruina
1104 2182 1307 2250 pariter
1326 2180 1571 2248 involvit,
1602 2189 1662 2232 ut
1681 2200 1766 2234 eo-

97 2250 220 2302 dem
260 2258 498 2320 tempore
532 2257 585 2302 et
614 2249 829 2302 Italiam
862 2258 1256 2302 consummaret
1289 2257 1341 2302 et
1377 2252 1765 2303 transmarinos

95 2317 393 2387 triumphos
434 2320 817 2389 auspicaretur.
888 2319 1178 2385 Tarentus,
1213 2319 1807 2373 Lacedaemoniorum2

43 2405 87 2440 30
103 2406 252 2458 opUS,
279 2387 564 2440 Calabriae
587 2389 857 2458 quondam
876 2396 928 2441 et
945 2388 1178 2458 Apuliae
1197 2390 1469 2458 totiusque
1491 2388 1764 2440 Lucaniae

98 2466 271 2527 caput,
309 2475 430 2508 cum
448 2458 819 2526 magnitudine
841 2466 894 2510 et
918 2459 1084 2509 muris
1114 2465 1378 2538 portuque
1408 2457 1623 2525 nobilis,
1653 2466 1766 2509 tum

96 2526 359 2578 mirabilis
390 2527 514 2578 situ.
571 2529 767 2597 quippe
796 2529 891 2579 ini
931 2529 1005 2579 sis
1035 2527 1304 2579 Hadriani
1333 2528 1498 2578 maris
1521 2526 1765 2579 faucibus
1784 2542 1809 2583 3

96 2598 273 2667 pesita
310 2596 367 2647 in
411 2596 584 2648 omnis
619 2603 817 2663 terraS,
923 2597 1158 2663 istriam,
1202 2596 1507 2666 Illyricum,
1542 2596 1776 2666 Epiron,

13 2700 18 2711 .
98 2664 376 2731 Achaiam,
397 2665 654 2731 Africam,
683 2665 921 2718 Siciliam
937 2665 1061 2718 vela
1080 2665 1316 2718 dimittit.
1345 2667 1570 2717 inminet
1590 2666 1768 2735 portui

12 2738 14 2742 ’
43 2734 173 2786 ⁸⁵ad
207 2742 547 2815 prospectum
584 2736 746 2786 maris
820 2736 1014 2787 ositum
1048 2734 1331 2802 theatrum,
1371 2735 1515 2805 quod
1551 2734 1767 2804 quidem

13 2805 43 2837 ἒ
98 2821 261 2855 causa
286 2821 516 2856 miserae
547 2804 755 2856 civitati
806 2805 886 2856 uit
906 2805 1142 2857 omnium
1161 2803 1561 2855 calamitatium.
1610 2802 1764 2855 ludos
1783 2814 1809 2851 4

97 2872 237 2925 forte
259 2871 583 2939 celebrabat,
605 2891 725 2925 cum
746 2872 1143 2942 adremigantes
1172 2872 1313 2926 litori
1342 2873 1610 2992 Romapas
1632 2871 1765 2923 clas·

169 2961 355 2992 FLORVS.
