2020 3168
774 227 848 296 II,
871 230 932 279 13
956 226 1078 299 [1111,
1098 226 1168 298 2].
1261 268 1264 270 .
1729 232 1797 284 87

140 368 310 421 altera
347 366 568 419 Africae
603 366 838 419 claustra
877 364 1143 433 servabat.
1181 365 1278 417 sed
1314 382 1441 416 acce
1479 372 1535 416 ta
1567 367 1799 435 partium

141 437 293 490 clade
331 435 466 488 nihil
503 444 780 489 cunctatus
818 443 900 488 est
938 442 1014 501 et,
1055 441 1115 486 ut
1144 435 1384 504 sapiente
1471 452 1637 502 gnum
1667 443 1795 502 erat,
1814 446 1867 488 71

138 513 363 558 mortem
388 504 492 557 sibi
521 506 681 558 etiam
707 503 880 557 laetus
911 504 1121 556 accivit.
1160 520 1285 554 nam
1317 509 1600 574 postquam
1626 503 1796 556 filium

139 575 464 644 comitesque
515 573 583 626 ab
628 572 882 644 amplexu
926 572 1154 639 dimisit,
1202 573 1259 624 in
1298 579 1511 625 noctem
1545 571 1683 625 lecto
1725 574 1797 626 ad

113 643 410 698 slucernam
463 642 706 696 Platonis
750 641 913 709 libro,
969 643 1062 712 qui
1106 641 1542 694 inmortalitatem
1584 642 1795 694 animae

48 771 52 775 ⁴
137 713 319 779 docet,
368 711 588 791 paulum
658 712 790 763 uieti
830 710 1004 779 dedit3
1050 719 1179 763 tunc
1214 711 1358 763 circa
1391 711 1620 780 primam
1655 712 1793 780 vigi-

135 781 263 833 liam
299 786 487 832 stricto
525 730 709 849 gladio
745 779 1043 832 revelatum
1076 786 1263 849 pectus
1301 778 1466 831 semel
1493 780 1794 850 iterumque
1809 788 1865 827 72

134 849 416 919 percussit.
454 850 572 915 ausi
603 855 732 930 post
765 848 868 901 hoc
901 849 1079 900 virum
1117 847 1314 900 medici
1349 847 1555 900 violare
1591 848 1793 900 fomen-

133 920 221 970 tis.
259 918 349 971 ille
389 935 605 987 passus,
653 916 779 970 dum
816 914 1192 983 abscederent,
1235 917 1457 969 rescidit
1487 916 1677 987 plagas
1714 936 1794 969 se-

83 1011 123 1045 10
140 995 364 1058 cutaque
409 987 467 1053 vi
511 987 789 1056 sanguinis
825 985 1171 1040 moribundas
1207 1003 1396 1038 manus
1435 986 1494 1037 in
1527 986 1645 1056 ipso
1681 986 1793 1038 vol·

135 1074 264 1109 nere
299 1056 540 1137 reliquit,
580 1055 724 1127 quod
759 1056 874 1126 ipse
907 1055 992 1108 bis
1034 1055 1254 1108 fecerat.

274 1125 445 1191 Quasi
487 1143 779 1195 numquam
817 1133 959 1178 esset
996 1125 1330 1192 dimicatum,
1377 1126 1456 1176 sic
1493 1142 1642 1177 arma
1678 1144 1792 1178 rur-
1810 1138 1868 1179 73

135 1213 224 1246 sus
273 1203 325 1247 et
376 1201 556 1264 partes
575 1234 591 1262 ,
649 1202 954 1265 quantoque
999 1194 1191 1246 Africa
1247 1212 1410 1264 supra
1456 1193 1792 1247 Thessaliam

142 1265 245 1316 fuit
261 1304 276 1330 ,
331 1271 480 1329 tanto
523 1264 767 1316 Africam
820 1263 1108 1334 superabat
1152 1264 1432 1334 Hispania.
1501 1263 1791 1334 plurimum
1805 1280 1860 1320 74

79 1357 119 1389 ιε»
136 1340 394 1403 quantum
438 1333 642 1385 favoris
686 1332 930 1403 partibus
963 1333 1127 1386 dabat
1160 1334 1469 1385 fraternitas
1509 1333 1704 1385 ducum
1740 1341 1793 1386 et

131 1420 229 1472 pro
268 1419 376 1453 uno
422 1402 557 1466 duos
591 1409 735 1454 stare
772 1402 1075 1471 Pompeios,
1135 1403 1317 1472 itaque
1351 1419 1617 1471 nusquam
1653 1410 1792 1455 atro-
1810 1419 1866 1460 75

133 1472 246 1523 cius
294 1488 395 1523 nec
438 1478 551 1522 tam
587 1472 810 1541 ancipiti
842 1469 1017 1523 Marte
1055 1489 1375 1523 concursum
1412 1479 1508 1522 est.
1561 1473 1793 1542 primum

131 1541 188 1591 in
216 1542 333 1610 ipso
364 1541 500 1592 ostio
529 1540 736 1593 Oceani
762 1540 940 1592 Varus
957 1539 1261 1611 Didiusque
1289 1540 1456 1609 legati
1481 1540 1789 1592 conflixere.

132 1609 228 1661 sed
260 1610 438 1661 acrius
476 1609 579 1662 fuit
611 1627 732 1661 cum
765 1611 881 1680 ipso
914 1611 1051 1661 mari
1088 1628 1247 1680 quam
1286 1610 1425 1660 inter
1463 1627 1521 1661 se
1560 1609 1791 1661 navibus

75 1700 119 1733 20
134 1677 361 1746 bellum,
414 1679 705 1749 siquidem,
796 1680 917 1731 uasi
957 1679 1195 1732 furorem
1240 1680 1441 1730 civium
1484 1679 1790 1747 castigaret,

132 1747 380 1799 Oceanus
418 1755 699 1818 utramque
737 1698 966 1800 classem
1001 1748 1287 1817 naufragio
1322 1748 1532 1800 cecidit.
1572 1749 1792 1818 quinam
1807 1756 1862 1797 76

130 1816 220 1868 ille
258 1817 470 1884 horror,
509 1835 631 1869 cum
666 1818 855 1870 eodem
875 1825 1115 1888 tempore
1143 1817 1335 1869 fluctus
1362 1817 1647 1887 procellae,
1684 1818 1791 1869 viri

129 1904 321 1953 naveS,
378 1902 529 1940 arma
575 1893 627 1938 et
667 1894 1001 1939 armamenta
1040 1887 1420 1956 confligerent!
1480 1887 1618 1939 adde
1655 1888 1789 1939 situs

129 1957 296 2024 ipsius
342 1955 711 2022 formidinem,
769 1958 1052 2024 vergentia
1090 1958 1148 2008 in
1191 1975 1380 2024 unum,
1430 1955 1555 2008 hinc
1592 1956 1789 2026 Hispa-

74 2045 117 2078 25
134 2025 282 2091 niae,
329 2025 456 2077 inde
488 2024 850 2077 Mauritaniae
886 2025 1068 2092 litora,
1115 2044 1263 2077 mare
1302 2033 1354 2077 et
1388 2027 1703 2078 intestinum
1739 2032 1791 2077 et

133 2101 415 2146 externum
449 2094 879 2165 inminentesque
914 2094 1166 2147 Herculis
1206 2095 1478 2165 speculas,
1526 2114 1648 2147 cum
1682 2113 1789 2147 om-

130 2164 222 2227 nia
270 2164 507 2234 undique
562 2163 720 2215 simul
770 2164 974 2234 proelio
1031 2172 1083 2216 et
1128 2171 1444 2234 tempestate
1498 2165 1786 2216 saevirent.
1807 2179 1861 2219 77

129 2249 259 2284 mox
286 2235 432 2284 circa
458 2232 792 2299 obsidionem
819 2233 1034 2285 urbium
1060 2234 1328 2303 utrimque
1360 2233 1661 2285 discursum
1691 2240 1787 2299 est,

131 2318 268 2421 {uae
314 2303 543 2353 miserae
588 2303 729 2353 inter
773 2303 870 2355 hos
921 2310 1079 2373 atque
1128 2303 1250 2355 illos
1301 2302 1462 2354 duces
1514 2302 1787 2354 societatis

73 2396 115 2429 30
183 2385 407 2423 omanae
480 2388 641 2423 cenas
690 2372 909 2425 dabant.
960 2374 1195 2424 omnium
1229 2380 1502 2441 postrema
1544 2372 1787 2423 certami-

130 2458 258 2491 num
285 2440 417 2491 Mun
459 2452 507 2492 a.
545 2439 634 2491 hic
663 2459 771 2493 non
797 2460 894 2511 pro
925 2451 1104 2494 cetera
1135 2441 1417 2508 felicitate,
1462 2440 1559 2492 sed
1588 2458 1785 2521 anceps
1804 2446 1859 2488 78

131 2517 182 2560 et
219 2509 311 2560 diu
344 2510 497 2561 triste
531 2510 816 2578 proelium,
853 2519 913 2563 ut
950 2511 1109 2581 plane
1136 2510 1411 2563 videretur
1437 2510 1620 2562 nescio
1657 2510 1787 2579 quid

129 2577 327 2630 librare
355 2579 612 2630 Fortuna.
652 2597 780 2632 sane
818 2588 871 2632 et
899 2582 1014 2650 ipse
1043 2587 1167 2632 ante
1197 2581 1367 2632 aciem
1392 2579 1649 2631 maestior
1677 2596 1786 2630 non
1801 2589 1860 2630 79

131 2664 200 2698 ex
244 2666 391 2699 more
431 2648 655 2715 Caesar,
705 2650 819 2701 sive
864 2658 1112 2720 respectu
1159 2649 1467 2718 fragilitatis
1505 2648 1784 2714 humanae,

74 2736 115 2770 35
133 2717 246 2768 sive
283 2718 503 2768 nimiam
538 2735 915 2787 prosperorum
945 2726 1246 2788 suspectam
1274 2718 1479 2770 habens
1513 2717 1786 2769 continua-

130 2786 356 2853 tionem,
409 2788 497 2839 vel
536 2787 722 2839 eadem
758 2788 978 2854 timens,
1014 2796 1297 2858 postquam
1335 2788 1479 2839 idem
1516 2804 1631 2837 esse
1669 2803 1786 2837 coe-

130 2864 284 2921 perat
323 2856 466 2926 quod
500 2856 814 2926 Pompeius3
853 2865 905 2908 et
937 2859 994 2909 in
1027 2859 1143 2927 ipso
1179 2857 1408 2927 proelio,
1449 2855 1593 2926 quod
1628 2872 1784 2907 nemo

133 2941 385 2995 umquam
427 2927 766 2992 meminerat,
817 2944 938 2978 cum
977 2927 1068 2979 diu
1106 2927 1225 2996 pari
1263 2926 1436 2978 Marte
1473 2924 1616 2976 acies
1652 2923 1787 2976 nihil
1802 2939 1863 2980 80
