2020 3168
204 183 271 242 86
799 189 974 235 FLQRI
1003 189 1277 228 EPITOMA.

131 331 181 373 61
342 317 410 369 111
451 316 588 390 Asia
641 331 853 385 quoque
910 330 1083 374 novus
1134 331 1315 372 rerum
1369 321 1544 370 motus
1595 335 1629 369 a
1675 316 1865 386 Ponto,

193 388 355 459 ‚quasi
390 386 456 439 de
481 384 754 450 industria
790 400 853 453 ca
876 389 1038 445 ‚tante
1071 382 1288 440 fortuna
1319 382 1464 440 hunc
1499 383 1865 443 Mithridatico

200 474 368 526 regno
407 455 635 520 exitum,
678 459 738 504 ut
784 464 854 503 a‘
899 452 1106 521 ompeio
1143 458 1324 521 pater,
1374 469 1407 504 a
1445 451 1678 508 Caesare
1722 454 1865 510 filius

129 526 522 586 &vinceretur
596 539 697 578 rex
731 520 1040 582 Pharnaces
1077 521 1250 590 magis
1297 521 1601 590 discordiae
1646 530 1867 579 nostrae

199 594 400 657 fiducia
454 609 616 662 quam
660 608 789 652 suae
850 590 1065 648 virtutis
1114 589 1312 647 infesto
1358 592 1420 642 in
1460 590 1865 663 {Cappadociam
1898 613 1920 645 5
1967 596 1970 598 ’

131 678 186 720 63
203 663 417 732 agmine
463 659 671 723 ruebat.
747 658 844 721 sed.
888 658 1031 711 hunc
1069 658 1269 714 Caesar
1315 660 1604 729 adgressus
1649 679 1758 714 uno
1798 669 1865 729 et,

200 740 259 785 ut
307 733 385 786 sic
434 730 688 796 dixerim,
734 745 843 791 non
891 735 1003 781 toto
1043 728 1248 798 proelio
1287 729 1532 797 obtrivit,
1583 748 1733 783 more
1765 730 1867 782 ful-

201 802 362 854 minis
373 839 387 867 ,
426 798 570 870 quod
603 816 711 850 uno
746 797 1039 868 eodemque
1075 806 1341 851 momento
1377 800 1552 865 venit,
1583 800 1866 869 percussit,

201 870 480 926 abscessit.
563 886 663 921 nec
708 884 850 924 vana
899 866 966 919 de
1003 885 1062 919 se
1096 868 1425 937 praedicatio
1472 876 1552 923 est
1599 867 1864 935 Caesaris,

202 947 326 992 ante
361 939 571 991 hostem
606 937 809 997 victum
846 953 965 992 esse
1002 954 1161 1006 quam
1196 938 1388 990 visum.
1427 994 1429 1003 y
1879 951 1919 984 10
1951 936 1954 939 ⁴
1984 948 1990 999 j

129 1019 186 1060 64
343 1006 434 1060 Sic
467 1024 588 1058 cum
624 1006 849 1071 exteris3
888 1011 943 1056 at
979 1007 1035 1056 in
1071 1005 1261 1057 Africa
1293 1023 1414 1057 cum
1453 1006 1662 1058 civibus
1697 1006 1864 1058 multo

201 1079 434 1130 atrocius
485 1092 645 1145 quam
697 1075 756 1125 in
806 1073 1105 1125 Pharsalia.
1190 1074 1279 1125 hic
1330 1073 1432 1126 reli
1469 1076 1585 1126 uias
1633 1076 1866 1144 partium

200 1146 587 1213 naufragarum
622 1142 842 1213 quidam
876 1142 1040 1211 fugae
1085 1150 1266 1195 aestus
1305 1161 1448 1213 expu
1473 1149 1612 1211 erat3
1649 1162 1750 1196 nec
1783 1161 1864 1195 re-

129 1230 184 1270 65
199 1215 393 1285 liquias
432 1213 640 1265 diceres
652 1252 666 1279 ‚
708 1211 805 1263 sed
840 1212 1109 1280 integrum
1142 1211 1361 1271 bellum.
1435 1230 1655 1282 sparsae
1691 1213 1863 1281 magis

234 1301 360 1335 uam
392 1299 680 1352 oppressae
705 1281 849 1333 vires
872 1287 1050 1348 erant3
1085 1289 1310 1334 auxerat
1338 1288 1729 1342 sacramentum
1746 1284 1915 1351 ipsam

199 1371 229 1405 0
251 1352 379 1405 ades
416 1351 779 1421 imperatoris,
813 1367 914 1402 nec
946 1350 1308 1419 degenerabat
1343 1350 1539 1403 ducum
1575 1351 1860 1403 successio.

200 1423 397 1492 quippe
446 1421 575 1475 satis
623 1418 797 1488 ample
845 1419 1108 1471 sonabant
1161 1421 1218 1471 in
1261 1419 1578 1489 Pompeiani
1630 1420 1862 1472 nominis
1906 1458 1914 1466 .

199 1491 377 1543 locum
416 1488 549 1541 Cato
588 1495 640 1540 et
661 1486 857 1558 Scipio.
897 1489 1126 1540 accessit
1161 1490 1327 1558 copiis
1364 1489 1732 1546 Mauretaniae
1765 1506 1865 1540 rex
1928 1493 1931 1497 ’

130 1571 185 1613 66
201 1558 362 1625 Iuba,
409 1557 665 1610 videlicet
705 1566 765 1609 ut
799 1557 959 1608 latius
992 1558 1232 1610 vinceret
1269 1557 1486 1610 Caesar.
1560 1557 1695 1609 nihil
1733 1574 1861 1625 ergo

199 1630 339 1680 inter
382 1626 719 1679 Pharsaliam
766 1632 817 1678 et
864 1626 1140 1696 Thapson,
1193 1628 1299 1679 nisi
1355 1627 1499 1697 quod
1542 1626 1857 1696 amplior**;
1875 1640 1918 1673 20

201 1714 369 1767 eoque
415 1697 589 1748 acrior
628 1694 1086 1748 Caesareanorum
1134 1698 1208 1748 im
1247 1704 1362 1748 etus
1408 1697 1535 1763 fuit,
1579 1695 1862 1764 indignan-

199 1767 333 1818 tium
365 1772 487 1835 post
522 1765 837 1834 Pompeium
873 1766 1109 1816 crevisse
1152 1764 1220 1817 be
1244 1765 1379 1832 lum3
1428 1766 1680 1835 denique,
1719 1763 1863 1834 quod

200 1835 334 1887 alias
376 1852 690 1904 numquam,
741 1842 864 1885 ante
906 1835 1188 1903 imperium
1240 1834 1390 1886 ducis
1433 1853 1531 1887 sua
1567 1840 1755 1903 sponte
1793 1834 1860 1885 si-

127 1919 182 1960 67
200 1922 308 1973 gna
344 1904 669 1955 cecinerunt.
718 1910 770 1955 et
804 1903 1036 1972 primum
1064 1911 1339 1972 strages-a
1372 1903 1510 1956 Iuba
1545 1903 1734 1972 coepit,
1773 1920 1860 1953 cu-

199 1975 282 2024 ius
329 1972 599 2041 elephanti
641 1972 905 2024 bellorum
950 1972 1110 2024 rudes
1160 1980 1212 2024 et
1259 1991 1429 2042 nuper
1475 1991 1508 2024 a
1558 1972 1696 2024 silva
1734 1989 1855 2023 con-
1872 1990 1913 2022 25

201 2043 423 2094 sternati
456 2041 631 2093 subito
668 2041 920 2110 clangore
951 2042 1205 2094 lituorum
1238 2044 1295 2094 in
1331 2060 1454 2094 suos
1482 2060 1599 2093 sese
1636 2041 1858 2092 circum-

200 2128 375 2178 egere.
452 2112 630 2162 statim
667 2111 932 2162 exercitus
969 2111 1027 2162 in
1062 2111 1270 2179 fugam,
1317 2129 1417 2162 nec
1466 2112 1629 2163 duces
1666 2109 1858 2161 fortius

199 2198 360 2249 quam
404 2187 464 2231 ut
515 2180 621 2231 effu
663 2187 827 2232 erent.
917 2198 1025 2232 non
1080 2181 1428 2250 inconspicua
1479 2188 1660 2232 tamen
1714 2196 1857 2231 mors

128 2260 183 2301 68
200 2249 450 2301 omnium.
489 2250 597 2300 iam
673 2250 811 2318 cipio
848 2267 986 2301 nave
1022 2249 1289 2318 fugiebat3
1329 2250 1425 2302 sed
1462 2249 1731 2302 adsecutis
1767 2248 1858 2299 ho-

197 2317 367 2368 stibus
413 2317 655 2385 gladium
694 2337 790 2388 per
833 2319 1047 2375 viscera
1084 2320 1267 2387 exegit
1305 2325 1379 2386 et,
1424 2318 1519 2371 ubi
1556 2324 1697 2370 esset
1733 2334 1858 2386 quo-
1879 2339 1922 2373 30

198 2386 320 2437 dam
356 2389 685 2455 requirente,
731 2388 1007 2457 respondit
1043 2387 1144 2439 hoc
1187 2390 1363 2458 ipsum
1401 2388 1567 2440 ‘bene
1605 2404 1662 2438 se
1697 2385 1859 2437 habet

125 2467 181 2508 69
198 2456 536 2523 imperator.'
611 2457 748 2508 Iuba
794 2475 915 2508 011111
960 2475 1017 2508 se
1060 2459 1357 2527 recepisset
1391 2460 1447 2509 in
1481 2458 1710 2526 regiam,
1750 2471 1857 2505 ma-

197 2524 391 2592 gnifice
448 2524 691 2594 epulatus
740 2533 820 2577 est
863 2533 1076 2595 postero
1125 2527 1211 2591 die
1258 2545 1378 2579 cum
1421 2527 1635 2579 Petreio
1697 2524 1858 2592 fugae

198 2595 389 2644 comite
436 2612 700 2664 superque
745 2613 956 2647 mensas
1008 2603 1059 2647 et
1096 2596 1290 2665 pocula
1336 2594 1765 2649 interficiendum
1802 2610 1858 2643 se

198 2663 247 2712 ei
282 2662 546 2731 praebuit.
622 2664 713 2715 ille
751 2672 802 2716 et
832 2666 948 2733 regi
986 2666 1194 2717 suffecit
1228 2672 1280 2716 et
1316 2666 1443 2733 sibi,
1485 2683 1605 2717 cum
1644 2662 1913 2715 interim35

199 2732 391 2782 semesi
428 2733 484 2783 in
521 2734 697 2785 medio
736 2733 843 2784 cibi
883 2742 933 2785 et
965 2735 1263 2803 parentalia
1287 2735 1493 2787 fercula
1520 2734 1669 2802 regio
1702 2729 1860 2782 simul

127 2814 180 2854 70
199 2799 545 2871 Romanoque
595 2804 857 2872 sanguine
899 2803 1202 2855 madebant.
1289 2804 1421 2857 Cato
1464 2822 1573 2856 non
1618 2799 1862 2853 interfuit

194 2867 353 2919 belle.
426 2873 614 2939 positis
681 2878 810 2941 aput
847 2872 1155 2941 Bagradam
1201 2874 1391 2924 castris
1436 2874 1651 2925 Vticam
1694 2868 1865 2922 veluti
