2020 3168
206 135 273 186 38
797 146 971 186 raom
998 146 1271 186 ΕΡΙΤΟΜΑ.

163 274 403 343 4111111110,
442 272 524 328 uti
550 271 766 339 frugum
800 271 1005 322 semina
1035 277 1236 323 mutato
1273 269 1387 323 solo
1417 270 1760 339 degenerant,
1791 273 1870 324 sic
1938 300 1942 304 «
1967 267 1970 270 ’

205 341 303 394 illa
330 340 567 410 genuina
602 339 789 391 feritas
825 356 1010 391 eorum
1033 339 1276 390 Asiatica
1308 341 1628 392 amoenitate
1663 339 1870 393 mollita
1884 380 1900 385 -
1947 339 1951 342 ’

163 435 190 476 5
207 416 305 463 est.
356 408 567 464 duobus
596 409 777 477 itaque
802 406 1021 476 proeliis
1052 407 1160 459 fusi
1198 407 1259 459 fu
1298 408 1476 477 atique
1513 414 1653 475 sunt,
1688 425 1868 479 quam-

206 480 290 531 vis
319 478 418 531 sub
448 478 685 529 adventu
712 475 882 528 hostis
918 475 1122 528 relictis
1159 476 1275 527 sedi
1314 493 1378 527 us
1409 476 1466 526 in
1495 475 1786 529 altissimos
1811 494 1870 529 se

204 554 412 600 montes
448 546 797 615 recepissent.
850 543 1204 614 Tolostobogi
1239 544 1544 625 Olympum,
1585 544 1907 614 Tectosagis

203 614 439 684 Magaba
457 613 784 666 insederant.
818 613 1086 683 utrimque
1105 612 1287 665 fundis
1309 614 1518 682 sagittis
1557 631 1624 666 ue
1644 613 1872 665 detracti
1937 629 1942 633 ‘

160 686 262 740 6111
296 689 609 753 perpetuam
647 699 705 734 se
738 699 927 752 pacem
962 681 1299 735 dediderunt.
1339 681 1437 735 sed
1472 632 1681 752 affligati
1714 683 1871 734 mira·
1964 699 1967 702 ·

204 752 324 806 culo
356 752 575 822 quidam
603 751 772 818 fuere,
804 768 926 803 cum
954 757 1180 804 catenas.
1201 750 1467 805 morsibus
1496 758 1549 805 et
1577 768 1670 805 ore
1704 758 1871 822 temp-

201 828 431 888 tassent,
481 830 604 874 cum
639 820 948 874 offocandas
983 820 1217 873 invicem
1254 821 1438 872 fauces
1473 819 1869 890 praebuissent.

201 908 329 943 nam
359 889 704 959 Orgiacontis
730 906 869 943 uxor
898 907 939 940 a
958 891 1268 942 centurione
1306 896 1547 959 stuprum
1572 906 1734 959 passa
1762 906 1870 941 me·
1886 903 1927 937 10

202 959 454 1013 morabili
497 958 743 1029 exemplo
792 958 1090 1011 custodiam
1129 960 1324 1026 evasit,
1366 958 1743 1028 revolsumque
1779 957 1869 1009 ad-

199 1028 363 1080 ulteri
398 1028 568 1081 hostis
615 1033 776 1097 caput
810 1027 883 1079 ad
916 1029 1167 1079 maritum
1198 1028 1511 1097 reportavit.

201 1138 476 1192 XXVIII.
514 1136 823 1191 BELLVM
849 1135 1411 1190 MACEDONIOVM
1441 1134 1868 1192 SECVNDVM.

89 1257 150 1311 11,
167 1244 229 1296 12
347 1235 495 1288 Dum
532 1234 670 1287 aliae
706 1234 950 1305 aliaeque
980 1240 1167 1304 gentes
1202 1232 1417 1304 Syriaci
1451 1233 1583 1287 belli
1621 1241 1873 1288 secuntur

161 1318 187 1357 2
204 1306 431 1372 ruinam,
469 1304 789 1357 Macedonia
825 1321 1011 1356 rursus
1047 1321 1104 1355 se
1147 1304 1336 1357 erexit.
1393 1302 1743 1356 fortissimum
1778 1322 1870 1374 po-
1886 1328 1929 1362 15
1980 1311 1985 1373 j

205 1374 393 1446 pulum
420 1375 678 1426 memoria
715 1380 768 1426 et
805 1373 1107 1426 recordatio
1135 1390 1264 1425 suae
1290 1371 1587 1424 nobilitatis
1616 1373 1871 1441 agitabat,

207 1451 259 1497 01
290 1449 622 1496 successerat
650 1442 830 1513 Philip
871 1459 901 1494 0
929 1440 1072 1494 filius
1099 1441 1312 1508 Perses,
1346 1442 1439 1511 qui
1474 1441 1639 1492 semel
1670 1443 1727 1493 in
1756 1460 1874 1512 per-

245 1519 429 1565 etuum
453 1512 654 1564 victam
683 1529 803 1564 esse
893 1511 1206 1564 acedoniam
1234 1529 1344 1564 non
1405 1509 1590 1563 utabat
1609 1528 1679 1564 ex
1696 1512 1873 1580 gentis

164 1583 192 1625 3
250 1583 261 1594 '
304 1582 490 1634 nitate.
522 1580 689 1634 multo
716 1580 1086 1633 vehementius
1111 1579 1211 1633 sub
1242 1580 1344 1634 hoc
1367 1528 1693 1634 {medones
1716 1598 1877 1651 quam
1994 1616 1998 1618 ἡ

213 1669 276 1703 811
351 1658 504 1720 patre
544 1657 832 1720 exurgunt.
889 1650 1086 1720 quippe
1124 1649 1362 1703 Thracas
1397 1650 1456 1701 in
1489 1666 1576 1700 res
1614 1667 1739 1702 suas
1769 1657 1873 1702 tra-
1888 1664 1932 1697 20
1985 1656 2004 1695 ἐκ

208 1727 418 1786 xerant‚
448 1719 625 1790 adque
653 1720 730 1770 ita
756 1718 1078 1771 industriam
1096 1718 1457 1772 Macedonum
1476 1717 1683 1771 viribus
1706 1718 1874 1772 Thra-

207 1807 344 1856 cum,
384 1789 641 1841 ferociam
669 1788 940 1840 Thracum
980 1788 1266 1858 disciplina
1291 1787 1643 1841 Macedonica
1676 1795 1874 1858 tempe-

162 1869 414 1911 4ravere.
470 1858 699 1910 accessit
734 1857 818 1910 his
858 1856 1142 1911 consilium
1176 1857 1344 1923 duciS‚
1384 1857 1477 1927 qui
1512 1857 1674 1909 situm
1700 1858 1875 1926 regio·

203 1946 332 1980 num
371 1945 589 1979 suarum
633 1945 667 1978 a
705 1944 910 1980 summo
961 1945 984 1978 s
1026 1926 1265 1979 eculatus
1305 1926 1513 1982 Haemo
1550 1927 1740 1996 positis
1777 1943 1875 1996 per

205 1997 433 2066 abrupta
469 1998 660 2049 castris
707 1998 783 2048 ita
814 1996 971 2048 Mace
1011 1996 1190 2048 oniam
1230 2013 1383 2048 suam
1420 1998 1583 2049 armis
1621 1995 1871 2065 ferroque
1887 2014 1929 2047 25
2019 2004 2020 2025 ³

204 2065 516 2132 vallaverat,
553 2072 614 2117 ut
649 2083 758 2117 non
796 2065 1080 2136 reliquisse
1114 2065 1319 2117 aditum
1350 2066 1456 2116 nisi
1493 2083 1526 2117 a
1562 2064 1710 2117 caelo
1746 2083 1874 2116 ven-

163 2136 343 2187 5turis
382 2134 628 2186 hostibus
667 2134 959 2187 videretur.
1015 2141 1196 2186 tamen
1232 2134 1438 2187 Marcio
1465 2133 1716 2203 Philippo
1752 2151 1874 2186 con-

209 2203 324 2257 sule
363 2221 481 2255 eam
510 2205 844 2284 provinciam
886 2205 1161 2273 ingressus
1190 2203 1419 2275 populus
1451 2203 1741 2269 Romanus,
1785 2220 1874 2254 ex-

244 2273 429 2325 loratis
481 2272 768 2342 diligenter
819 2272 1125 2326 accessibus
1175 2289 1272 2342 per
1316 2272 1583 2325 Astudam
1621 2272 1875 2342 paludem

206 2292 653 2411 Eerrhaebosque
688 2343 921 2396 tumulos
959 2342 1054 2395 illa
1088 2341 1399 2395 volucribus
1436 2359 1661 2412 quoque,
1703 2348 1763 2392 111
1796 2341 1873 2391 vi·
1890 2357 1932 2391 30

210 2409 501 2477 debantnr,
549 2412 698 2463 invia
734 2412 984 2478 accessit,
1029 2429 1319 2481 regemque
1357 2429 1604 2464 securum
1649 2417 1702 2462 01
1740 2409 1876 2460 nihil

208 2479 315 2532 tale
365 2486 688 2532 metuentem
738 2481 918 2534 subita
968 2481 1100 2534 belli
1149 2482 1455 2551 inruptione
1505 2478 1872 2549 deprehendit.

167 2556 193 2597 6
212 2549 362 2600 cuius
381 2556 530 2600 tanta
559 2550 845 2619 trepidatio
874 2550 992 2617 fuit,
1019 2556 1079 2603 ut
1144 2552 1388 2603 ecuniam
1419 2567 1631 2603 omnem
1649 2550 1706 2600 in
1724 2565 1872 2600 mare

209 2619 427 2669 iusserit
454 2620 627 2687 mergi
656 2637 724 2671 ne
756 2621 970 2689 periret,
1003 2626 1056 2672 et
1082 2637 1111 2671 0
1134 2636 1309 2672 assem
1340 2619 1566 2672 cremari
1596 2636 1663 2669 ne
1694 2619 1873 2670 incen-

171 2699 194 2737 7
215 2687 448 2738 deretur.
489 2687 657 2740 Paulo
679 2688 914 2755 consule,
944 2707 1066 2741 cum
1083 2690 1287 2741 maiora
1318 2697 1370 2741 et
1397 2688 1670 2741 crebriora
1692 2692 1871 2739 essent
1887 2702 1928 2734 35

212 2756 443 2825 inposita
479 2757 763 2826 praesidia,
798 2776 894 2828 per
938 2757 1070 2810 alias
1107 2759 1224 2810 vias
1259 2757 1578 2810 Macedonia
1609 2757 1872 2826 deprensa

213 2833 317 2891 est,
355 2843 562 2878 summa
602 2827 817 2897 quidem
852 2835 966 2880 arte
1003 2835 1055 2880 et
1089 2828 1353 2880 industria
1389 2826 1562 2893 ducis,
1610 2843 1731 2879 cum
1766 2823 1874 2877 alia
