2020 3168
637 214 710 282 11,
737 214 957 266 16-18
978 211 1105 285 [n11‚
1127 213 1323 284 6—8].
1742 216 1810 268 93

156 353 332 419 deret,
386 352 578 423 quibus
629 354 750 422 capi
793 349 1118 418 inminebat,
1172 357 1232 402 ut
1282 350 1484 402 factum
1534 355 1633 402 est.
1696 352 1812 403 acie
1831 361 1886 402 10

157 439 387 492 namque
437 423 722 474 commissa
766 437 888 471 cum
921 420 1040 490 pari
1075 419 1268 472 ardore
1309 418 1624 489 aliquandiu
1661 419 1813 471 dimi-

159 497 337 542 catum
371 489 537 558 foret,
574 490 818 561 quamvis
854 488 1017 540 duces
1053 488 1180 540 inde
1224 495 1518 540 ›raesentes
1547 487 1812 554 adessent,

157 559 283 610 hinc
323 559 549 611 alterum
584 559 822 629 corporis
851 557 1158 626 aegritudO,
1199 558 1211 568 '
1238 556 1350 609 lum
1380 563 1551 608 metus
1582 564 1635 608 et
1664 558 1813 626 igna-

121 653 141 684 5
157 629 248 679 via
298 627 705 693 subduxissent,
758 626 934 679 stabat
975 633 1156 678 tamen
1200 644 1299 696 pro
1334 625 1578 696 partibus
1612 626 1816 677 invicta

156 697 372 749 fortuna
433 703 486 748 et
542 695 732 748 ultoris
787 703 840 748 et
898 696 987 766 qui
1045 694 1423 748 vindicabatur
1440 735 1455 762 ,
1512 702 1573 747 ut
1637 695 1813 747 exitus

153 765 344 835 proelii
364 764 561 817 docuit.
581 766 812 835 primum
830 764 966 817 adeo
983 782 1181 834 anceps
1201 764 1319 831 fuit,
1349 772 1409 816 ut
1424 796 1497 805 —-
1513 782 1612 834 par
1630 765 1815 815 utrim-

189 851 257 886 ue
289 833 580 887 discrimen
598 865 670 875 -—-
699 840 856 915 capta
890 834 998 884 sint
1030 833 1157 885 hinc
1188 832 1438 885 Caesaris
1478 840 1654 885 castra
1688 832 1814 884 inde
1831 843 1885 883 11

202 905 330 955 assi.
369 921 437 955 en
473 910 670 973 quanto
707 902 978 954 efficacior
1016 910 1098 954 est
1135 901 1375 967 fortuna,
1415 919 1574 971 quam
1611 902 1813 953 virtus!

96 995 138 1028 ιο
154 979 207 1025 et
257 990 416 1042 quam
460 990 651 1024 verum
701 979 807 1038 est,
867 970 1011 1042 quod
1055 972 1290 1023 moriens
1334 971 1536 1022 Brutus
1592 970 1813 1037 efflauit,

152 1059 261 1093 non
290 1042 349 1093 in
375 1059 460 1108 re,
504 1041 602 1094 sed
637 1042 695 1092 in
729 1040 898 1093 verbo
932 1046 1140 1092 tantum
1180 1058 1299 1092 esse
1326 1041 1609 1092 virtutem:
1646 1041 1814 1092 victo-

152 1112 289 1162 riam
323 1109 405 1162 illi
440 1110 646 1180 proelio
684 1127 864 1162 errore
894 1109 1059 1161 dedit.
1108 1109 1330 1162 Cassius
1362 1108 1617 1161 inclinato
1648 1126 1815 1161 cornu
1833 1120 1887 1163 12

156 1188 374 1231 suorum
425 1197 545 1230 cum
598 1179 768 1249 captis
821 1178 1070 1231 Caesaris
1125 1179 1313 1230 castris
1367 1195 1428 1229 ra
1466 1178 1555 1230 ido
1612 1179 1815 1247 impetu

152 1249 472 1318 recipientes
510 1266 568 1300 se
605 1249 810 1319 equites
848 1247 1084 1314 videret,
1138 1247 1329 1317 fugere
1366 1196 1655 1298 arbitratus
1693 1264 1815 1298 eva-

97 1333 137 1365 15
155 1317 233 1369 dit
272 1319 328 1368 in
359 1317 646 1369 tumulum.
685 1317 811 1370 inde
839 1315 1063 1387 pulvere
1099 1324 1152 1368 et
1182 1317 1432 1386 strepitu,
1474 1317 1633 1368 etiam
1660 1322 1816 1367 nocte
1835 1327 1890 1369 13

152 1387 334 1438 vicina
364 1385 724 1438 eximentibus
754 1393 938 1454 gestae
970 1387 1051 1436 rei
1085 1403 1325 1451 sensum,
1365 1403 1485 1436 cum
1516 1384 1818 1455 speculator

187 1473 364 1525 uoque
412 1456 471 1505 in
516 1454 574 1506 id
619 1455 816 1506 missus
863 1454 1070 1506 tardius
1122 1455 1393 1506 nuntiaret
1412 1494 1427 1521 ,
1487 1461 1817 1505 transactum

191 1542 219 1575 c
270 1522 512 1593 partibus
559 1531 705 1575 ratus
741 1525 837 1575 uni
875 1542 945 1575 ex
1013 1524 1237 1576 roximis
1279 1522 1631 1574 auferendum
1663 1541 1816 1592 prac-

152 1592 271 1645 buit
306 1600 480 1663 caput.
519 1592 721 1645 Brutus
742 1611 861 1644 cum
880 1593 937 1644 in
1022 1593 1165 1644 assio
1206 1593 1366 1644 etiam
1404 1609 1557 1643 suum
1583 1593 1817 1643 animum
1834 1602 1888 1642 14

96 1676 140 1709 20
154 1662 503 1732 perdidisset,
539 1680 608 1714 ne
646 1662 777 1732 quid
815 1680 884 1713 ex
923 1662 1198 1714 constituti
1227 1661 1334 1713 fide
1363 1662 1680 1730 resignaret,
1721 1661 1820 1731 (ita

154 1732 327 1798 enim,
375 1748 484 1783 non
532 1749 812 1801 superesse
848 1730 1018 1798 bello,
1068 1729 1416 1798 convenerat)
1453 1731 1471 1782 i
1512 1749 1569 1782 se
1610 1748 1819 1800 quoque

152 1801 248 1852 uni
305 1802 560 1853 comitum
615 1818 832 1853 suorum
890 1800 1306 1853 confodiendum
1361 1817 1490 1870 prae
1530 1801 1611 1851 uit
1661 1799 1818 1851 latus,

155 1870 273 1940 quis
322 1870 748 1939 sapientissimos
793 1887 858 1921 ac
899 1870 1221 1922 fortissimos
1260 1870 1408 1921 viros
1431 1886 1561 1921 -non
1596 1869 1819 1920 miretur
1836 1883 1890 1925 15

153 1938 224 1990 ad
258 1938 503 1991 ultimum
539 1956 649 1991 non
689 1941 799 1991 suis
840 1938 1088 1992 manibus
1125 1937 1293 1991 usos?
1330 1939 1439 1990 nisi
1474 1937 1578 1991 hoc
1609 1954 1820 2008 quoque

98 2024 140 2057 25
158 2026 227 2059 ex
268 2009 616 2077 persuasione
664 2015 842 2060 sectae
877 2007 1008 2075 fuit,
1052 2026 1120 2059 ne
1154 2007 1424 2060 violarent
1457 2025 1674 2074 manus,
1725 2006 1822 2059 sed

153 2078 209 2128 in
248 2076 556 2130 amolitione
585 2077 997 2129 fortissimarum
1025 2077 1495 2147 piissimarumque
1521 2077 1820 2127 animarum

153 2145 352 2199 iudicio
390 2164 510 2213 suo,
550 2145 754 2198 scelere
792 2146 967 2199 alieno
1004 2152 1298 2198 uterentur.

256 2253 468 2305 XVIII.
526 2254 832 2307 BELLVM
870 2254 1027 2308 CVM
1063 2253 1308 2307 SEXTO
1344 2254 1696 2308 POMPEIO.

296 2349 532 2402 Sublatis
569 2351 974 2421 percussoribus
1000 2352 1249 2405 Caesaris
1279 2361 1557 2424 supererat
1574 2353 1731 2406 Pom-
1778 2359 1935 2424 1111,8

100 2441 142 2474 30
197 2422 246 2472 ei
278 2419 483 2472 domus.
523 2420 659 2472 alter
692 2423 949 2474 iuvenum
973 2424 1031 2474 in
1067 2421 1335 2492 Hispania
1362 2423 1658 2489 occiderat,
1686 2422 1822 2474 alter

179 2507 288 2558 uga
341 2497 585 2541 evaserat
640 2492 1032 2562 contractisque
1084 2491 1318 2544 infelicis
1373 2492 1504 2545 belli
1562 2491 1820 2562 reliquiiS,

144 2577 279 2610 >cum
318 2558 538 2679 insuper
576 2559 846 2628 ergastula
882 2568 1168 2627 armasset,
1214 2560 1453 2614 Siciliam
1495 2561 1821 2615 Sardiniam-

157 2646 260 2698 que
297 2627 436 2680 habe
478 2635 558 2695 at;
613 2630 720 2680 iam
769 2637 821 2680 et
867 2630 1040 2682 classe
1077 2631 1315 2683 medium
1349 2650 1496 2683 mare
1531 2630 1820 2683 insederat.

158 2714 188 2749 o
228 2714 388 2767 quam
419 2697 665 2750 diversus
697 2716 730 2749 a
756 2700 934 2767 patre!
972 2699 1063 2751 ille
1097 2698 1294 2752 Cilicas
1334 2702 1694 2765 extincxerat,
1735 2699 1867 2751 hic2

99 2784 142 2818 35
160 2784 218 2818 se
251 2767 480 2835 piratica
525 2766 792 2819 tuebatur.
849 2767 1128 2834 Puteolos,
1167 2769 1412 2821 Formias
1423 2810 1438 2836 ,
1479 2769 1820 2835 Vulturnum,

156 2842 323 2887 totam
353 2835 582 2907 denique
620 2835 997 2905 Campaniam,
1030 2837 1253 2889 Pontias
1285 2846 1337 2889 et
1364 2839 1681 2904 Aenariam,
1707 2840 1825 2907 ipsa

160 2903 404 2957 Tiberini
440 2906 673 2957 fluminis
713 2923 806 2957 ora
841 2907 1128 2976 populatus
1171 2914 1268 2957 est.
1316 2906 1543 2959 subinde
1575 2923 1825 2976 congres-
