2020 3168
206 152 277 203 42
803 164 979 205 ηοω
1008 164 1284 211 Emona.
1346 143 1349 146 ’

136 296 190 338 18
206 305 331 340 nem
358 287 615 344 condidit.
674 295 874 356 quanta
905 288 1036 345 urbs
1065 288 1245 340 deleta
1275 289 1366 354 sit,
1394 295 1456 340 ut
1484 289 1552 341 de
1584 291 1776 342 ceteris
1796 297 1876 344 ta-

206 374 370 423 ceam,
393 356 461 408 de
479 356 621 426 ignis
641 374 791 408 mora
807 356 1027 426 probari
1043 364 1237 426 potest.
1261 357 1458 427 quippe
1476 375 1574 427 per
1593 360 1875 412 continuos

206 426 394 479 decem
412 431 464 477 et
480 425 690 496 septem
709 425 823 477 dies
842 427 941 478 vix
956 427 1131 495 potuit
1148 425 1458 478 incendium
1474 427 1720 495 extingui
1731 429 1875 498 quod

206 494 454 547 domibus
483 511 547 545 ac
574 494 789 563 templis
821 495 932 546 suis
973 501 1163 563 sponte
1194 494 1376 547 hostes
1413 495 1755 564 inmiserant3
1796 505 1874 564 ut,

205 570 468 684 qugtenus
502 561 632 615 urbs
673 563 809 632 eripi
854 562 1112 620 Romanis
1147 581 1258 617 non
1291 570 1524 634 poterat,
1570 565 1911 634 triumphuss

203 649 264 684 ar
305 638 434 685 eret.

526 713 776 767 XXXII.
813 713 1121 767 BELLVM
1140 713 1556 768 ACHAICVM.

92 810 150 866 a,
169 797 229 848 16
349 793 517 860 Quasi
539 795 811 848 saeculum
827 794 966 848 illud
983 794 1357 848 eversionibus
1384 795 1600 848 urbium
1618 803 1874 863 curreret,

207 863 552 934 Carthaginis
580 865 793 917 ruinam
830 866 1019 917 statim·
1039 864 1331 918 Corinthus
1361 865 1597 934 excepit,
1633 865 1875 918 Achaiae

204 940 389 1003 caput,
420 932 683 986 Graeciae
713 933 901 1000 decus,
933 936 1075 987 inter
1104 934 1210 986 duo
1237 933 1436 1001 maria,
1466 933 1681 986 Ionium
1699 941 1752 986 et
1770 936 1873 986 Ae-
1892 947 1933 980 10
1982 933 1987 937 ’

205 1020 425 1071 gaeum,
448 1003 604 1074 quasi
623 1002 929 1078 spectaculo
953 1004 1213 1072 exposita.
1262 1002 1396 1054 haee
1412 1033 1484 1043 ——
1501 1003 1711 1055 facinus
1734 1004 1874 1056 indi-

205 1090 372 1140 gnum
392 1102 463 1110 -—-
480 1078 605 1123 ante
626 1089 884 1143 oppressa
905 1078 985 1123 est
1005 1089 1165 1141 quam
1183 1072 1241 1122 in
1257 1088 1479 1123 numero
1500 1079 1770 1125 certorum
1781 1073 1873 1125 ho-

162 1150 190 1190 2
207 1142 367 1192 stium
394 1140 705 1192 referretur.
757 1140 1027 1193 Critolaus
1063 1157 1225 1192 causa
1252 1139 1410 1206 belli,
1442 1141 1534 1210 qui
1562 1140 1813 1193 libertate
1843 1158 1877 1192 a

203 1209 460 1262 Romanis
490 1209 617 1262 data
635 1208 895 1262 adversus
915 1210 1061 1279 ipsos
1081 1228 1211 1262 usus
1242 1215 1322 1261 est
1348 1208 1662 1280 legatosque
1681 1210 1875 1264 Roma-

161 1291 325 1346 3u0S,
361 1277 584 1331 dubium
602 1295 673 1330 an
693 1286 745 1331 et
762 1297 925 1332 manu
934 1319 949 1346 ‚
969 1285 1126 1331 certe
1155 1279 1396 1332 oratione
1424 1278 1668 1331 violavit.
1706 1281 1872 1349 igitur
1889 1295 1931 1330 15
1990 1339 1991 1342 Ἴ

203 1347 424 1402 Metello
456 1348 728 1401 ordinanti
750 1366 870 1401 cum
888 1348 1123 1400 maxime
1142 1347 1495 1401 Macedoniae
1520 1357 1699 1401 statum
1727 1366 1875 1401 man·

205 1424 331 1471 data
351 1424 433 1469 est
450 1416 584 1470 ultio
603 1436 615 1484 3
638 1423 691 1469 et
710 1417 838 1470 hinc
855 1417 1154 1470 Achaicum
1174 1415 1391 1470 bellum.
1431 1434 1495 1468 ac
1512 1419 1746 1487 primum
1760 1417 1876 1471 Cri·

203 1487 337 1539 tolai
363 1503 581 1540 manum
599 1486 850 1540 Metellus
872 1486 1060 1540 consul
1078 1504 1176 1556 per
1191 1487 1425 1556 patentis
1446 1485 1637 1540 Elidos
1659 1504 1876 1557 cmmpos

204 1563 316 1609 toto
337 1555 531 1610 cecidit
551 1555 769 1624 Alphio.
796 1563 847 1608 et
863 1573 971 1609 uno
991 1555 1197 1625 proelio
1256 1562 1492 1608 eractum
1513 1563 1629 1608 erat
1644 1556 1875 1623 bellum3

208 1627 314 1677 ‘am
343 1625 487 1677 enim
513 1623 704 1677 urbem
730 1625 905 1695 ipsam
921 1624 1161 1677 terrebat
1184 1643 1213 1677 o
1257 1625 1420 1691 sidio;
1456 1625 1554 1678 sed
1569 1657 1641 1666 -—
1660 1626 1773 1677 fata
1791 1643 1872 1677 re·
1887 1648 1932 1681 20

202 1713 323 1746 rum
345 1725 416 1733 —-
435 1712 556 1746 cum
567 1693 817 1746 Metellus
842 1694 1177 1761 dimicasset,
1197 1694 1267 1746 ad
1284 1694 1566 1746 victoriam
1582 1693 1873 1746 Mummius

162 1781 190 1820 5
206 1764 513 1816 intervenit.
564 1762 653 1814 hic
682 1763 905 1815 alterius
929 1763 1080 1815 ducis
1101 1763 1263 1815 Diaei
1288 1763 1585 1815 exercitum
1616 1763 1715 1815 sub
1734 1764 1877 1833 ‘ipsis

206 1833 399 1884 Isthmi
420 1831 666 1885 faucibus
697 1831 839 1885 fudit
868 1834 1220 1902 geminosque
1238 1839 1425 1901 portus
1455 1834 1716 1901 sanguine
1741 1832 1877 1883 infe-

206 1904 297 1953 cit.
318 1909 433 1953 tum
452 1900 520 1953 ab
531 1901 723 1953 incolis
748 1902 961 1953 deserta
976 1902 1168 1953 civitas
1190 1902 1399 1971 direpta
1409 1903 1655 1971 primum,
1680 1901 1876 1953 deinde

162 1985 191 2026 6
207 1971 336 2023 tuba
366 1972 711 2040 praecinente
747 1971 924 2023 deleta
954 1977 1050 2023 est.
1110 1971 1239 2042 quid
1271 1972 1570 2039 signorum,
1615 1970 1744 2040 quid
1780 1987 1870 2021 ve·
1887 1990 1931 2023 25
1996 1961 2006 2031 ἕ

208 2041 370 2091 stium
412 2039 610 2110 quidve
658 2039 962 2092 tabularum
1007 2047 1221 2110 raptum
1274 2041 1658 2109 incensumque
1699 2040 1875 2110 adque
1996 2037 2005 2063 ²¹

243 2110 501 2162 roiectum
533 2110 638 2161 est!
707 2116 897 2161 uantas
929 2127 1058 2178 opes
1091 2116 1142 2160 et
1170 2108 1454 2159 abstulerit
1484 2114 1536 2160 et
1556 2109 1876 2160 cremaverit

204 2128 332 2230 liinc
365 2179 529 2245 sciaS‚
561 2128 706 2248 quod
734 2179 996 2259 quidquid
1020 2177 1286 2231 Corinthii
1314 2178 1454 2228 aeris
1483 2184 1594 2231 toto
1616 2177 1746 2229 orbe
1763 2177 1876 2228 lau-

165 2265 192 2303 7
211 2247 367 2300 datur
386 2247 635 2301 incendio
657 2248 989 2318 superfulsse
1004 2248 1376 2316 comperimus.
1410 2264 1535 2298 nam
1555 2253 1607 2298 et
1625 2247 1764 2298 aeris
1782 2264 1875 2298 no-

206 2324 317 2367 tam
342 2317 718 2386 pretiosiorem
747 2317 866 2397 ipsa
896 2316 1334 2388 opulentissimae
1366 2316 1517 2368 urbis
1543 2315 1674 2367 fecit
1699 2317 1871 2382 ruina,
1888 2337 1933 2371 3⁰

210 2386 335 2455 quia
353 2385 601 2438 incendio
620 2388 902 2456 permlxtis
917 2385 1161 2456 plurimis
1184 2386 1373 2436 statuis
1393 2392 1552 2455 atque
1573 2384 1872 2436 simulacris

209 2456 348 2507 aeris
369 2456 487 2508 auri
507 2456 823 2526 argentique
847 2472 1018 2507 venae
1037 2456 1095 2506 in
1116 2472 1393 2508 commune
1413 2454 1700 2506 fluxerunt.

378 2551 658 2605 XXXIII.
707 2550 847 2605 RES
883 2551 963 2604 IN
999 2550 1357 2604 HISPANIA
1394 2549 1705 2604 GESTAE.

100 2645 157 2699 Q,
176 2636 235 2685 17
355 2634 430 2686 Vt
450 2633 832 2702 Carthaginem
854 2633 1143 2687 Corinthus
1153 2672 1168 2699 ,
1199 2633 1275 2683 ita
1297 2631 1613 2685 Corinthum
1638 2631 1874 2684 Numan-

209 2705 285 2754 tia
315 2710 497 2755 secuta
527 2710 635 2771 est3
668 2720 768 2754 nec
796 2703 990 2755 deinde
1020 2701 1150 2754 orbe
1168 2708 1278 2754 toto
1309 2703 1431 2772 quic
1468 2719 1593 2752 uam
1611 2702 1871 2753 intactum
1887 2722 1932 2755 35

171 2789 196 2826 2
212 2774 373 2825 armis
394 2771 512 2825 fuit.
550 2779 673 2841 post
693 2771 788 2824 illa
808 2772 913 2825 duo
933 2771 1352 2823 clarissimarum
1381 2788 1444 2821 ur
1485 2771 1594 2821 ium
1623 2769 1875 2821 incendia

213 2840 319 2892 late
340 2849 501 2911 atque
526 2841 751 2910 passim,
775 2858 875 2893 nec
892 2859 990 2911 per
1010 2841 1180 2906 viceS,
1203 2839 1300 2892 sed
1321 2838 1478 2891 simul
1497 2839 1698 2908 pariter
1720 2839 1876 2908 quasi

1991 1719 2011 1951 w-—r-tss-smvairzss
1990 1685 2006 1709 t>
1994 1626 2006 1642 v··.
1999 1597 2007 1607 .
1990 1523 1993 1533 ”
1984 1476 1996 1500 “’
1991 1433 1994 1436 ’
