2020 3168
1980 0 2007 111 ἔ

1992 232 2006 277 ³³

207 151 275 202 30
782 164 956 202 ηοω
975 164 1250 202 EPITOMA.

207 288 353 340 caesi
371 287 442 339 ad
459 287 692 339 hostium
712 289 1026 354 satietatem,
1048 288 1218 340 donec
1235 287 1475 340 Annibal
1495 289 1697 342 diceret
1714 291 1872 343 militi

209 374 305 409 suo
336 362 517 425 ‘parce
545 356 729 407 ferro?
778 355 975 408 ducum
1002 357 1145 424 fugit
1173 356 1324 422 alter,
1355 356 1492 408 alter
1521 360 1730 421 occisus
1763 367 1871 427 est3

211 424 449 491 dubium,
470 431 590 475 uter
609 426 810 475 maiore
831 426 1026 477 animo.
1084 424 1315 476 Paulum
1331 424 1539 493 puduit,
1569 426 1743 480 Varro
1763 446 1872 480 non

146 503 201 546 18
211 493 537 562 desperavit.
586 492 907 544 documenta
925 492 1096 545 cladis
1117 499 1371 544 cruentus
1391 492 1706 563 aliquandiu
1723 495 1872 547 Aufi-

210 562 326 627 duS,
346 579 481 630 pons
507 561 574 612 de
605 560 960 613 cadaveribus
990 562 1144 613 iussu
1173 561 1326 613 ducis
1346 561 1521 614 factus
1552 563 1610 613 in
1637 570 1912 619 torrentes

209 629 481 697 Vergello,
510 629 677 682 modii
696 628 801 681 duo
822 629 1105 682 anulorum
1116 629 1327 687 Cartha
1366 631 1510 682 inem
1527 632 1679 683 missi
1699 632 1874 701 digni-

139 715 190 756 19
208 706 397 768 tasque
429 699 693 767 equestris
732 705 918 750 taxata
950 716 1220 750 mensura.
1271 698 1344 751 du
1384 700 1495 751 ium
1529 700 1725 753 deinde
1765 719 1874 754 non

211 768 312 819 erit
333 767 463 836 quin
479 766 727 818 ultimum
745 766 899 819 illum
917 767 1062 819 diem
1078 767 1327 819 habitura
1347 767 1510 820 fuerit
1528 768 1700 820 Roma
1722 771 1873 840 quin-

209 844 429 905 tumque
447 837 588 886 intra
609 835 753 887 diem
771 835 979 905 epulari
997 835 1235 887 Annibal
1255 837 1312 887 in
1333 836 1411 889 Ca
1451 837 1600 889 itolio
1619 839 1870 907 potuerit,

213 907 272 972 si,
306 903 450 974 quod
468 903 710 956 Poenum
729 903 883 956 illum
912 904 1117 956 dixisse
1145 855 1517 958 Maharbalem
1547 905 1929 959 Bomilcaris‘m

211 974 406 1039 ferunt,
438 972 680 1024 Annibal
710 992 868 1043 quem
897 973 967 1025 ad
990 974 1208 1026 modum
1239 975 1400 1025 sciret
1429 976 1665 1042 vincere,
1693 977 1770 1028 sic
1794 977 1874 1028 uti

134 1062 191 1103 20
209 1043 437 1094 victoria
455 1043 661 1093 scisset.
683 1048 763 1092 set
780 1049 894 1092 tum
914 1042 1130 1111 quidem
1146 1042 1313 1108 illum,
1333 1049 1393 1093 ut
1413 1043 1521 1095 dici
1538 1043 1700 1112 volgo
1722 1045 1872 1111 solet,

210 1119 305 1163 aut
340 1111 512 1162 fatum
546 1110 696 1161 urbis
732 1111 1090 1178 imperaturae
1128 1118 1221 1161 aut
1255 1111 1274 1161 i
1317 1111 1427 1161 sius
1464 1129 1616 1162 mens
1651 1112 1793 1163 mala
1823 1122 1876 1165 et

136 1205 187 1244 21
210 1181 389 1232 aversi
408 1197 440 1230 a
462 1178 788 1247 Carthagine
806 1179 861 1230 di
880 1179 938 1231 in
956 1178 1231 1231 diversum
1248 1129 1602 1231 abstulerunt.
1624 1199 1746 1233 cum
1764 1183 1874 1233 vic-

207 1249 348 1301 toria
365 1253 548 1318 posset
566 1248 660 1315 uti,
680 1248 788 1299 frui
804 1247 1006 1313 maluit,
1026 1248 1320 1318 relictaque
1339 1248 1511 1300 Roma
1525 1248 1874 1320 Campaniam
1891 1269 1931 1303 15

212 1317 611 1387 Tarentumque
639 1318 906 1386 perrexit3
951 1316 1045 1369 ubi
1078 1335 1207 1369 mox
1234 1324 1287 1368 et
1315 1318 1486 1387 ipsius
1518 1325 1571 1370 et
1605 1321 1873 1371 exercitus

211 1386 371 1438 ardor
391 1385 646 1454 elanguit,
665 1385 800 1437 adeo
821 1393 880 1436 ut
898 1404 1027 1452 vere
1046 1386 1248 1438 dictum
1269 1386 1339 1437 sit
1360 1386 1601 1456 Capuam
1616 1387 1877 1439 Annibali

143 1470 199 1510 22
218 1456 434 1509 Cannas
453 1455 639 1506 fuisse.
691 1456 738 1506 si
758 1455 974 1524 quidem
1003 1456 1266 1507 invictum
1283 1454 1517 1525 Alpibus
1537 1456 1875 1509 indomitum-

212 1542 315 1595 que
340 1525 501 1575 armis
523 1522 786 1594 Campani
812 1554 882 1562 —-
906 1525 1025 1594 quis
1045 1523 1327 1575 crederet?
1344 1555 1415 1565 —-
1445 1524 1583 1576 soles
1614 1533 1666 1577 et
1693 1533 1875 1594 tepen—

210 1602 292 1646 tes
312 1592 554 1646 fontibus
578 1593 746 1644 Baiae
768 1591 1112 1661 subegerunt.
1886 1617 1932 1649 20

140 1678 195 1720 23
351 1662 682 1714 Permissum
711 1669 793 1714 est
821 1662 1037 1713 interim
1064 1662 1333 1731 respirare
1353 1662 1609 1714 Romanis
1641 1670 1694 1714 et
1722 1665 1876 1733 quasi

213 1732 282 1784 ab
302 1732 492 1783 inferis
519 1749 810 1800 emergere.
856 1749 1005 1782 arma
1022 1749 1131 1783 non
1151 1739 1325 1782 erant:
1349 1731 1588 1783 detracta
1605 1739 1729 1783 sunt
1746 1740 1875 1784 tem-

211 1801 335 1871 plis.
378 1801 561 1852 deerat
579 1802 859 1852 iuventus:
891 1801 948 1850 in
970 1806 1364 1852 sacramentum
1390 1799 1620 1852 liberata
1636 1802 1873 1853 servitia.

141 1891 197 1931 24
216 1870 409 1938 egebat
437 1870 727 1921 aerarium:
773 1887 901 1938 opes
933 1886 1057 1920 suas
1088 1876 1305 1920 senatus
1335 1870 1393 1920 in
1428 1870 1666 1921 medium
1700 1869 1875 1922 libens
2019 1932 2020 1936 Ἰ

211 1938 449 2008 protulit,
486 1956 585 1990 ncc
620 1946 834 2008 praeter
876 1938 1020 2007 quod
1053 1939 1111 1990 in
1146 1937 1310 1990 bullis
1339 1939 1671 2008 singulisque
1698 1939 1872 1990 anulis
1888 1964 1932 1997 25
2019 1937 2020 1986 Ξ

215 2015 329 2059 erat
357 2009 641 2078 quicquam
669 2006 773 2059 sibi
802 2009 920 2058 auri
947 2007 1295 2077 reliquerunt.
1352 2025 1515 2076 eques
1541 2015 1754 2059 secutus
1783 2026 1873 2060 ex-

146 2089 201 2129 25
217 2076 450 2146 emplum
473 2077 817 2147 imitataeque
850 2077 1083 2146 equitem
1099 2076 1291 2128 tribuS.
1339 2075 1571 2147 denique
1599 2077 1698 2128 vix
1718 2077 1873 2129 suffe-

215 2163 335 2197 cere
354 2145 587 2212 tabulae,
609 2147 705 2197 vix
726 2145 1023 2197 scribarum
1039 2162 1228 2196 manus
1248 2144 1490 2197 Laevino
1509 2145 1874 2216 Marcelloque

216 2213 543 2281 consulibUS,
571 2233 693 2266 cum
715 2216 1051 2284 privatorum
1080 2232 1207 2284 opes
1238 2215 1294 2264 in
1316 2213 1594 2282 publicum
1611 2214 1874 2267 referren-

144 2298 199 2340 26
216 2291 319 2335 tur.
367 2284 497 2352 quid
529 2286 746 2334 autem?
786 2285 842 2334 in
874 2283 1136 2352 eligendis
1160 2283 1563 2351 magistratibus
1590 2301 1727 2353 quae
1753 2302 1872 2337 cen·
1888 2309 1932 2342 30

213 2353 476 2404 turiarum
496 2353 774 2421 sapientia,
807 2371 928 2403 cum
946 2353 1182 2404 iuniores
1218 2369 1250 2401 a
1271 2352 1571 2404 senioribus
1592 2353 1875 2405 consilium

216 2422 283 2474 de
302 2421 549 2473 creandis
581 2420 891 2472 consulibus
912 2422 1233 2490 petiverunt.
1288 2421 1484 2491 quippe
1504 2421 1764 2473 adversus
1784 2422 1875 2474 ho-

218 2497 355 2542 stem
376 2491 571 2542 totiens
590 2491 865 2557 victorem,
891 2499 1001 2541 tam
1027 2490 1283 2542 callidum
1309 2507 1417 2541 non
1434 2491 1634 2542 virtute
1651 2498 1874 2557 tantum,

221 2558 317 2611 sed
335 2559 445 2609 suis
467 2559 628 2611 etiam
683 2577 888 2628 ugnare
909 2559 1146 2610 consiliis
1167 2558 1463 2627 oportebat.

147 2642 202 2682 27
357 2626 540 2679 Prima
556 2646 614 2680 re
687 2629 832 2680 untis
853 2635 919 2694 et,
938 2634 998 2679 ut
1015 2629 1090 2679 ita
1109 2628 1353 2694 dixerim,
1373 2629 1757 2680 revivescentis
1777 2629 1872 2679 im=
1886 2650 1933 2683 35

217 2697 356 2767 perii
376 2714 497 2766 spes
519 2696 722 2748 Fabius
741 2697 858 2763 fuit,
890 2697 981 2767 qui
1003 2715 1199 2748 novam
1219 2697 1286 2748 de
1303 2697 1573 2749 Annibale
1594 2698 1876 2749 victoriam

221 2773 549 2818 commentus
571 2773 666 2832 est,
691 2783 799 2818 non
816 2783 1074 2835 pugnare.
1120 2766 1245 2817 hinc
1263 2766 1343 2817 illi
1363 2783 1658 2834 cognomen
1676 2783 1876 2818 novum

222 2841 275 2885 et
293 2836 372 2885 rei
390 2835 640 2903 publicae
671 2834 903 2887 salutare
935 2842 1236 2902 cunctator,
1265 2834 1391 2886 hinc
1410 2835 1546 2887 illud
1571 2852 1640 2887 ex
1657 2835 1873 2905 popule,
