2020 3168
212 165 309 214 100
789 169 964 209 mom
1005 168 1279 207 ErrroMA.

209 297 386 350 culum
423 313 617 367 gerens
649 312 809 363 super
833 293 1121 358 cassidem,
1160 293 1421 360 agitatum
1440 296 1588 344 motu
1608 290 1863 361 corporis,

206 367 475 420 flammam
494 364 656 416 ⁴velut
693 360 904 414 ardenti
939 362 1113 432 capite
1149 358 1474 412 funditabat.
1571 421 1573 425 ι
1896 376 1902 382 ·

493 462 736 526 XXVII.
775 456 1083 523 BELLVM
1118 443 1579 523 rammam
1655 505 1659 508 «

140 588 193 628 17
349 573 585 625 Thraces
603 582 714 624 cum
737 576 896 621 antea
916 572 1091 638 saepe,
1109 574 1223 620 tum
1241 566 1473 620 maxime
1491 568 1868 622 Rhoemetalce
1887 626 1890 628 ,

207 661 335 711 rege
373 642 729 693 desciverant.
766 637 860 690 ille
890 636 1151 690 barbaros
1186 643 1237 688 et
1261 637 1430 706 signis
1455 636 1777 689 militaribus
1817 644 1904 690 etr»

209 710 518 780 disciplina,
569 709 730 760 armis
777 707 938 759 etiam
979 706 1236 758 Romanis
1296 705 1642 772 adsueverat3
1700 713 1782 758 set
1837 724 1870 758 a

206 780 406 832 Pisone
441 778 729 848 perdomiti
758 777 819 832 ,in
850 776 969 844 ipsa
1003 774 1318 844 captivitate
1341 773 1548 826 rabiem
1567 774 1866 827 ostendere.

209 850 404 919 quippe
448 865 569 899 cum
615 852 831 898 catenas
873 843 1142 897 morsibus
1199 849 1547 914 temptarent,
1600 842 1870 896 feritatem

209 933 359 969 suam
393 916 497 985 ipsi
527 913 837 985 puniebant.
1278 926 1282 931 ·

528 1021 798 1074 XXVIII.
845 1018 1152 1073 BELLVM
1185 1019 1544 1073 DACICVM.
1882 1022 1924 1064 1‘0

139 1138 194 1179 18
348 1121 488 1172 Daci
531 1118 800 1172 montibus
851 1117 1150 1181 inhaerent.
1209 1116 1336 1181 inde
1394 1115 1665 1181 Cotisonis
1722 1117 1868 1186 regis
1988 1124 1990 1126 ’

208 1191 432 1259 imperio
451 1229 465 1255 ,
501 1188 746 1258 quotiens
792 1192 1072 1238 concretus
1120 1184 1246 1253 gelu
1293 1185 1579 1238 Danuvius
1619 1186 1870 1237 iunxerat

141 1263 194 1305 19
209 1260 355 1328 ripas
368 1297 382 1323 ,
439 1257 725 1310 decurrere
769 1254 1013 1307 solebant
1053 1260 1106 1307 et
1153 1255 1335 1307 vicina
1369 1254 1634 1324 populari.
1692 1255 1871 1306 visum

211 1334 292 1379 est
326 1324 548 1379 Caesari
587 1325 834 1393 Augusto
918 1330 1097 1375 entem
1142 1322 1694 1391 aditudifficillimam
1731 1341 1869 1375 sum-

208 1412 444 1447 movere.
482 1395 647 1446 misso
679 1393 846 1461 igitur
923 1390 1103 1443 entulo
1128 1390 1271 1442 ultra
1303 1390 1615 1444 ulteriorem
1635 1390 1869 1462 reppulit
1886 1403 1927 1437 1⁵

209 1465 409 1533 rip‘am3
445 1463 580 1515 citra
614 1460 889 1532 praesidia
926 1461 1230 1512 constituta.
1281 1459 1359 1512 sic
1403 1458 1518 1512 tum
1552 1460 1726 1512 Dacia
1761 1464 1871 1512 non

209 1534 377 1599 victa,
414 1532 510 1584 sed
543 1533 806 1583 summota
841 1535 1001 1600 atque
1040 1527 1206 1580 dilata
1239 1533 1335 1583 est.
1409 1568 1413 1571 κ

441 1619 743 1695 xxvmi.
790 1641 1098 1694 BELLVM
1130 1619 1636 1693 SARM’A'flcVM.

140 1750 195 1791 20
354 1739 629 1792 Sarmatae
698 1739 966 1801 atentibus
993 1757 1109 1791 cam
1148 1739 1193 1790 is
1216 1738 1532 1818 inequitant.
1571 1737 1751 1807 ethos
1804 1742 1871 1791 ¹er

213 1809 442 1862 eundem
471 1809 649 1860 Lentu
671 1826 760 1859 um
794 1807 1080 1878 prohibere
1174 1823 1371 1875 anuvlo
1410 1808 1538 1858 satis
1572 1805 1691 1861 fuit.
1737 1823 1794 1860 m
1826 1808 1872 1861 'il
1884 1825 1927 1860 20

249 1885 425 1929 raeter
458 1878 612 1929 nives
648 1877 869 1946 pruinas·
906 1895 974 1928 ue
1012 1883 1064 1928 et
1100 1876 1264 1928 silvas
1301 1874 1516 1928 habent.
1566 1882 1716 1928 tanta
1751 1876 1871 1929 b'ar-

210 1897 365 1999 baria
402 1954 508 2012 est,
553 1953 613 1997 ut
648 1963 747 1997 nec
780 1946 889 1997 inte
914 1945 1097 2014 legant
1127 1962 1332 2015 pacem.

485 2051 675 2105 XXX.
727 2053 1036 2107 BELLVM
1073 2046 1595 2108 GERMANIO'V'M.

139 2162 193 2203 21
354 2149 698 2202 Germaniam
736 2169 947 2221 quoque
982 2152 1188 2202 utinam
1226 2152 1444 2205 vincere
1478 2152 1614 2204 tanti
1640 2169 1748 2204 non
1775 2170 1868 2222 pu·-

211 2219 406 2270 tasset!
444 2219 617 2287 magis
642 2221 871 2289 turpiter
893 2220 1101 2272 amissa
1124 2227 1204 2272 est
1241 2226 1400 2290 q'uam
1422 2219 1659 2289 gloriose
1680 2221 1751 2274 ad·
1783 2222 1865 2274 *ui—
1883 2232 1926 2265 ²5

140 2290 194 2329 22
214 2287 332 2339 sita.
365 2293 446 2338 set
469 2294 730 2357 quatenus
755 2288 960 2341 sciebat
980 2296 1187 2357 patrem
1212 2296 1366 2342 suum
1389 2289 1450 2341 C.
1476 2240 1883 2343 Caesaremqbis·

209 2362 576 2408 transvectum
605 2365 768 2426 ponte
799 2356 1047 2409 Rhenum
1078 2358 1354 2427 quaesisse
1382 2357 1607 2425 bellum,
1644 2360 1701 2410 in
1725 2357 1869 2410 illius

209 2422 466 2475 honorem
494 2427 838 2495 concupierat
857 2426 1035 2479 facere
1054 2422 1412 2495 provinciam3
1449 2434 1500 2479 et
1519 2427 1719 2480 factum
1740 2434 1868 2493 erat,

211 2493 256 2542 si
275 2491 494 2544 barbari
511 2500 619 2544 tam
639 2495 772 2546 vitia
784 2502 967 2547 nostra
985 2513 1143 2565 quam
1162 2496 1386 2565 imperia
1395 2496 1537 2548 ferre
1552 2497 1865 2566 potuissent.

349 2560 549 2614 Missus
584 2563 641 2613 in
678 2580 794 2615 eam
825 2565 1158 2633 provinciam
1188 2564 1401 2617 Drusus
1433 2567 1633 2634 primos
1665 2565 1868 2616 domuit
1883 2580 1926 2615 30

141 2630 197 2671 23
215 2628 489 2698 Vsipetes,
536 2631 661 2683 inde
709 2632 1002 2685 Tencteros
1049 2634 1313 2702 percurrit
1352 2636 1411 2687 et
1442 2633 1680 2687 Catthos.
1743 2650 1867 2684 nam

213 2696 713 2752 Marcomannorum
740 2700 926 2781 spoliis
960 2708 1011 2754 et
1039 2702 1341 2771 insignibus
1372 2703 1638 2772 quendam
1666 2702 1864 2754 editum

141 2781 196 2819 24
211 2766 472 2818 tumulum
490 2768 547 2818 in
580 2775 788 2837 tropaei
809 2769 1025 2822 modum
1060 2770 1310 2823 excoluit.
1350 2771 1475 2825 inde
1504 2770 1863 2823 validissimas

211 2835 455 2886 nationes
505 2834 804 2889 Cheruscos
854 2836 1165 2906 Suebosque
1212 2847 1263 2891 et
1306 2839 1607 2892 Sicambros
1664 2838 1864 2908 pariter
