<?xml version="1.0" encoding="UTF-8"?>
<!DOCTYPE html PUBLIC "-//W3C//DTD XHTML 1.0 Transitional//EN"
    "http://www.w3.org/TR/xhtml1/DTD/xhtml1-transitional.dtd">
<html xmlns="http://www.w3.org/1999/xhtml" xml:lang="en" lang="en">
 <head>
  <title>
</title>
<meta http-equiv="Content-Type" content="text/html;charset=utf-8" />
  <meta name='ocr-system' content='tesseract 3.04.00' />
  <meta name='ocr-capabilities' content='ocr_page ocr_carea ocr_par ocr_line ocrx_word'/>
</head>
<body>
  <div class='ocr_page' id='page_1' title='image "./epitomaedetitoli00floruoft_0061.png"; bbox 0 0 2020 3168; ppageno 0'>
   <div class='ocr_carea' id='block_1_1' title="bbox 40 177 1879 574">
    <p class='ocr_par' dir='ltr' id='par_1_1' title="bbox 40 177 1879 574">
     <span class='ocr_line' id='line_1_1' title="bbox 647 177 1802 250; baseline 0.004 -22"><span class='ocrx_word' id='word_1_1' title='bbox 647 177 690 244; x_wconf 93' lang='lat' dir='ltr'><strong>I,</strong></span> <span class='ocrx_word' id='word_1_2' title='bbox 720 179 947 229; x_wconf 83' lang='lat'><strong>24-27</strong></span> <span class='ocrx_word' id='word_1_3' title='bbox 970 177 1048 249; x_wconf 88' lang='lat'><strong>[11,</strong></span> <span class='ocrx_word' id='word_1_4' title='bbox 1069 178 1296 250; x_wconf 91' lang='lat'><strong>8—11].</strong></span> <span class='ocrx_word' id='word_1_5' title='bbox 1737 183 1802 233; x_wconf 87' lang='lat'><strong>37</strong></span> 
     </span>
     <span class='ocr_line' id='line_1_2' title="bbox 137 314 1804 386; baseline 0 -17"><span class='ocrx_word' id='word_1_6' title='bbox 137 317 387 369; x_wconf 89' lang='lat' dir='ltr'><strong>Persicos</strong></span> <span class='ocrx_word' id='word_1_7' title='bbox 406 333 563 367; x_wconf 89' lang='lat' dir='ltr'><strong>arcus</strong></span> <span class='ocrx_word' id='word_1_8' title='bbox 583 322 919 385; x_wconf 81' lang='lat' dir='ltr'><strong>corruperat3</strong></span> <span class='ocrx_word' id='word_1_9' title='bbox 938 316 1170 385; x_wconf 89' lang='lat' dir='ltr'><strong>primum</strong></span> <span class='ocrx_word' id='word_1_10' title='bbox 1186 314 1490 384; x_wconf 82' lang='lat' dir='ltr'><strong>trepidatio,</strong></span> <span class='ocrx_word' id='word_1_11' title='bbox 1511 334 1640 369; x_wconf 82' lang='lat' dir='ltr'><strong>mox</strong></span> <span class='ocrx_word' id='word_1_12' title='bbox 1658 317 1804 386; x_wconf 89' lang='lat' dir='ltr'><strong>fuga,</strong></span> 
     </span>
     <span class='ocr_line' id='line_1_3' title="bbox 40 383 1879 456; baseline 0.001 -19"><span class='ocrx_word' id='word_1_13' title='bbox 40 414 43 417; x_wconf 89' lang='lat'><em>-</em></span> <span class='ocrx_word' id='word_1_14' title='bbox 140 385 334 438; x_wconf 90' lang='lat' dir='ltr'><strong>deinde</strong></span> <span class='ocrx_word' id='word_1_15' title='bbox 362 383 663 453; x_wconf 87' lang='lat' dir='ltr'><strong>triumphus</strong></span> <span class='ocrx_word' id='word_1_16' title='bbox 691 383 925 436; x_wconf 89' lang='lat' dir='ltr'><strong>fuerunt.</strong></span> <span class='ocrx_word' id='word_1_17' title='bbox 963 386 1106 436; x_wconf 85' lang='lat' dir='ltr'><strong>victo</strong></span> <span class='ocrx_word' id='word_1_18' title='bbox 1136 391 1189 435; x_wconf 91' lang='lat' dir='ltr'><strong>et</strong></span> <span class='ocrx_word' id='word_1_19' title='bbox 1225 383 1454 454; x_wconf 88' lang='lat' dir='ltr'><strong>supplici</strong></span> <span class='ocrx_word' id='word_1_20' title='bbox 1480 402 1668 455; x_wconf 89' lang='lat' dir='ltr'><strong>pacem</strong></span> <span class='ocrx_word' id='word_1_21' title='bbox 1685 403 1805 456; x_wconf 90' lang='lat' dir='ltr'><strong>par·</strong></span> <span class='ocrx_word' id='word_1_22' title='bbox 1826 406 1879 447; x_wconf 87' lang='lat'><strong>18</strong></span> 
     </span>
     <span class='ocr_line' id='line_1_4' title="bbox 124 451 1805 574; baseline 0.001 -70"><span class='ocrx_word' id='word_1_23' title='bbox 124 454 537 574; x_wconf 46' lang='lat' dir='ltr'><strong>{Zrssqpsqtregni</strong></span> <span class='ocrx_word' id='word_1_24' title='bbox 564 453 683 505; x_wconf 86' lang='lat' dir='ltr'><strong>dari</strong></span> <span class='ocrx_word' id='word_1_25' title='bbox 709 451 910 523; x_wconf 83' lang='lat' dir='ltr'>placuit</span> <span class='ocrx_word' id='word_1_26' title='bbox 941 470 1003 505; x_wconf 92' lang='lat' dir='ltr'><strong>eo</strong></span> <span class='ocrx_word' id='word_1_27' title='bbox 1023 452 1293 520; x_wconf 73' lang='lat' dir='ltr'><strong>libentiuS,</strong></span> <span class='ocrx_word' id='word_1_28' title='bbox 1326 453 1472 523; x_wconf 92' lang='lat' dir='ltr'><strong>quod</strong></span> <span class='ocrx_word' id='word_1_29' title='bbox 1503 460 1615 505; x_wconf 85' lang='lat' dir='ltr'><strong>tam</strong></span> <span class='ocrx_word' id='word_1_30' title='bbox 1642 454 1805 507; x_wconf 89' lang='lat' dir='ltr'><strong>facile</strong></span> 
     </span>
    </p>
   </div>
   <div class='ocr_carea' id='block_1_2' title="bbox 101 630 1443 686">
    <p class='ocr_par' dir='ltr' id='par_1_2' title="bbox 101 630 1443 686">
     <span class='ocr_line' id='line_1_5' title="bbox 101 630 1443 686; baseline -0.002 0"><span class='ocrx_word' id='word_1_31' title='bbox 101 655 121 686; x_wconf 87' lang='lat'><strong>5</strong></span> <span class='ocrx_word' id='word_1_32' title='bbox 336 684 339 686; x_wconf 85' lang='grc'><strong>,</strong></span> <span class='ocrx_word' id='word_1_33' title='bbox 383 642 390 647; x_wconf 87' lang='grc'>·</span> <span class='ocrx_word' id='word_1_34' title='bbox 491 630 676 683; x_wconf 90' lang='lat' dir='ltr'><strong>XXV.</strong></span> <span class='ocrx_word' id='word_1_35' title='bbox 722 631 1031 684; x_wconf 87' lang='lat' dir='ltr'>BELLVM</span> <span class='ocrx_word' id='word_1_36' title='bbox 1063 630 1443 686; x_wconf 88' lang='lat' dir='ltr'><strong>AETOLVM.</strong></span> 
     </span>
    </p>
   </div>
   <div class='ocr_carea' id='block_1_3' title="bbox 79 722 1924 1418">
    <p class='ocr_par' dir='ltr' id='par_1_3' title="bbox 135 722 1924 1016">
     <span class='ocr_line' id='line_1_6' title="bbox 278 722 1924 798; baseline 0 -18"><span class='ocrx_word' id='word_1_37' title='bbox 278 727 500 798; x_wconf 86' lang='lat' dir='ltr'><strong>Syriaco</strong></span> <span class='ocrx_word' id='word_1_38' title='bbox 519 727 663 780; x_wconf 93' lang='lat' dir='ltr'><strong>bello</strong></span> <span class='ocrx_word' id='word_1_39' title='bbox 690 730 962 795; x_wconf 88' lang='lat' dir='ltr'><strong>successit,</strong></span> <span class='ocrx_word' id='word_1_40' title='bbox 996 735 1049 780; x_wconf 92' lang='lat' dir='ltr'><strong>ct</strong></span> <span class='ocrx_word' id='word_1_41' title='bbox 1076 728 1324 795; x_wconf 81' lang='lat' dir='ltr'><strong>debebat,</strong></span> <span class='ocrx_word' id='word_1_42' title='bbox 1355 729 1623 781; x_wconf 89' lang='lat' dir='ltr'><strong>Aetolum.</strong></span> <span class='ocrx_word' id='word_1_43' title='bbox 1662 728 1806 780; x_wconf 91' lang='lat' dir='ltr'><strong>victo</strong></span> <span class='ocrx_word' id='word_1_44' title='bbox 1817 722 1924 788; x_wconf 84' lang='lat'><strong>11,9</strong></span> 
     </span>
     <span class='ocr_line' id='line_1_7' title="bbox 139 796 1808 869; baseline -0.002 -19"><span class='ocrx_word' id='word_1_45' title='bbox 139 798 229 869; x_wconf 91' lang='lat' dir='ltr'><strong>qui</strong></span> <span class='ocrx_word' id='word_1_46' title='bbox 266 815 335 867; x_wconf 90' lang='lat' dir='ltr'><strong>pe</strong></span> <span class='ocrx_word' id='word_1_47' title='bbox 373 796 648 849; x_wconf 87' lang='lat' dir='ltr'><strong>Romanus</strong></span> <span class='ocrx_word' id='word_1_48' title='bbox 683 797 954 849; x_wconf 84' lang='lat' dir='ltr'><strong>Antiocho</strong></span> <span class='ocrx_word' id='word_1_49' title='bbox 1002 796 1150 848; x_wconf 88' lang='lat' dir='ltr'><strong>faces</strong></span> <span class='ocrx_word' id='word_1_50' title='bbox 1186 796 1418 867; x_wconf 81' lang='lat' dir='ltr'><strong>Asiatici</strong></span> <span class='ocrx_word' id='word_1_51' title='bbox 1454 796 1586 848; x_wconf 93' lang='lat' dir='ltr'><strong>belli</strong></span> <span class='ocrx_word' id='word_1_52' title='bbox 1629 814 1808 866; x_wconf 89' lang='lat' dir='ltr'><strong>perse-</strong></span> 
     </span>
     <span class='ocr_line' id='line_1_8' title="bbox 138 864 1852 937; baseline -0.001 -18"><span class='ocrx_word' id='word_1_53' title='bbox 138 884 240 937; x_wconf 92' lang='lat' dir='ltr'><strong>que</strong></span> <span class='ocrx_word' id='word_1_54' title='bbox 280 873 417 918; x_wconf 85' lang='lat' dir='ltr'><strong>atur.</strong></span> <span class='ocrx_word' id='word_1_55' title='bbox 457 883 586 936; x_wconf 88' lang='lat' dir='ltr'><strong>ergo</strong></span> <span class='ocrx_word' id='word_1_56' title='bbox 613 865 811 919; x_wconf 82' lang='lat' dir='ltr'><strong>Fulvio</strong></span> <span class='ocrx_word' id='word_1_57' title='bbox 841 865 1111 918; x_wconf 89' lang='lat' dir='ltr'>Nobiliori</span> <span class='ocrx_word' id='word_1_58' title='bbox 1138 865 1392 918; x_wconf 88' lang='lat' dir='ltr'><strong>mandata</strong></span> <span class='ocrx_word' id='word_1_59' title='bbox 1419 864 1552 917; x_wconf 91' lang='lat' dir='ltr'><strong>ultio</strong></span> <span class='ocrx_word' id='word_1_60' title='bbox 1583 872 1681 917; x_wconf 87' lang='lat' dir='ltr'><strong>est.</strong></span> <span class='ocrx_word' id='word_1_61' title='bbox 1720 864 1809 917; x_wconf 92' lang='lat' dir='ltr'><strong>hic</strong></span> <span class='ocrx_word' id='word_1_62' title='bbox 1826 879 1852 917; x_wconf 85' lang='lat'>2</span> 
     </span>
     <span class='ocr_line' id='line_1_9' title="bbox 135 933 1808 1016; baseline 0 -30"><span class='ocrx_word' id='word_1_63' title='bbox 135 936 378 1006; x_wconf 80' lang='lat' dir='ltr'><strong>protinus</strong></span> <span class='ocrx_word' id='word_1_64' title='bbox 416 942 575 1016; x_wconf 85' lang='lat' dir='ltr'><strong>caput</strong></span> <span class='ocrx_word' id='word_1_65' title='bbox 611 935 788 1004; x_wconf 88' lang='lat' dir='ltr'><strong>gentis</strong></span> <span class='ocrx_word' id='word_1_66' title='bbox 823 934 1185 1002; x_wconf 81' lang='lat' dir='ltr'>Ambraciam,</span> <span class='ocrx_word' id='word_1_67' title='bbox 1220 952 1279 986; x_wconf 90' lang='lat' dir='ltr'><strong>re</strong></span> <span class='ocrx_word' id='word_1_68' title='bbox 1319 936 1427 986; x_wconf 86' lang='lat' dir='ltr'><strong>iam</strong></span> <span class='ocrx_word' id='word_1_69' title='bbox 1451 933 1672 1004; x_wconf 80' lang='lat' dir='ltr'><strong>Pyrrhi,</strong></span> <span class='ocrx_word' id='word_1_70' title='bbox 1700 951 1808 986; x_wconf 92' lang='lat' dir='ltr'><strong>ma-</strong></span> 
     </span>
    </p>

    <p class='ocr_par' dir='ltr' id='par_1_4' title="bbox 79 1003 1855 1418">
     <span class='ocr_line' id='line_1_10' title="bbox 81 1003 1852 1074; baseline -0.001 -14"><span class='ocrx_word' id='word_1_71' title='bbox 81 1025 123 1060; x_wconf 81' lang='grc' dir='ltr'><strong>ιο</strong></span> <span class='ocrx_word' id='word_1_72' title='bbox 140 1004 312 1060; x_wconf 89' lang='lat' dir='ltr'><strong>chinis</strong></span> <span class='ocrx_word' id='word_1_73' title='bbox 350 1010 536 1074; x_wconf 83' lang='lat' dir='ltr'><strong>quatit.</strong></span> <span class='ocrx_word' id='word_1_74' title='bbox 605 1011 789 1056; x_wconf 89' lang='lat' dir='ltr'><strong>secuta</strong></span> <span class='ocrx_word' id='word_1_75' title='bbox 825 1003 1027 1056; x_wconf 86' lang='lat' dir='ltr'><strong>deditio</strong></span> <span class='ocrx_word' id='word_1_76' title='bbox 1063 1011 1161 1055; x_wconf 91' lang='lat' dir='ltr'><strong>est.</strong></span> <span class='ocrx_word' id='word_1_77' title='bbox 1232 1021 1265 1055; x_wconf 91' lang='lat' dir='ltr'><strong>a</strong></span> <span class='ocrx_word' id='word_1_78' title='bbox 1306 1011 1458 1055; x_wconf 88' lang='lat' dir='ltr'><strong>erant</strong></span> <span class='ocrx_word' id='word_1_79' title='bbox 1493 1003 1809 1056; x_wconf 85' lang='lat' dir='ltr'><strong>Aetolorum</strong></span> <span class='ocrx_word' id='word_1_80' title='bbox 1827 1019 1852 1059; x_wconf 85' lang='lat'><strong>3</strong></span> 
     </span>
     <span class='ocr_line' id='line_1_11' title="bbox 133 1072 1810 1144; baseline -0.001 -19"><span class='ocrx_word' id='word_1_81' title='bbox 133 1073 383 1144; x_wconf 82' lang='lat' dir='ltr'><strong>precibus</strong></span> <span class='ocrx_word' id='word_1_82' title='bbox 419 1073 604 1140; x_wconf 89' lang='lat' dir='ltr'><strong>Attici,</strong></span> <span class='ocrx_word' id='word_1_83' title='bbox 652 1072 866 1140; x_wconf 88' lang='lat' dir='ltr'><strong>Rhodii,</strong></span> <span class='ocrx_word' id='word_1_84' title='bbox 916 1080 968 1125; x_wconf 89' lang='lat' dir='ltr'><strong>et</strong></span> <span class='ocrx_word' id='word_1_85' title='bbox 1014 1074 1425 1125; x_wconf 84' lang='lat' dir='ltr'><strong>memineramus</strong></span> <span class='ocrx_word' id='word_1_86' title='bbox 1465 1072 1680 1124; x_wconf 83' lang='lat' dir='ltr'><strong>auxilii:</strong></span> <span class='ocrx_word' id='word_1_87' title='bbox 1733 1073 1810 1123; x_wconf 91' lang='lat' dir='ltr'><strong>sic</strong></span> 
     </span>
     <span class='ocr_line' id='line_1_12' title="bbox 171 1141 1855 1212; baseline -0.001 -18"><span class='ocrx_word' id='word_1_88' title='bbox 171 1142 337 1195; x_wconf 88' lang='lat' dir='ltr'><strong>lacuit</strong></span> <span class='ocrx_word' id='word_1_89' title='bbox 383 1143 683 1212; x_wconf 83' lang='lat' dir='ltr'><strong>ignoscere.</strong></span> <span class='ocrx_word' id='word_1_90' title='bbox 753 1143 950 1211; x_wconf 80' lang='lat' dir='ltr'><strong>serpsit</strong></span> <span class='ocrx_word' id='word_1_91' title='bbox 992 1149 1174 1194; x_wconf 92' lang='lat' dir='ltr'><strong>tamen</strong></span> <span class='ocrx_word' id='word_1_92' title='bbox 1219 1141 1379 1194; x_wconf 87' lang='lat' dir='ltr'><strong>latius</strong></span> <span class='ocrx_word' id='word_1_93' title='bbox 1428 1143 1486 1193; x_wconf 92' lang='lat' dir='ltr'><strong>in</strong></span> <span class='ocrx_word' id='word_1_94' title='bbox 1535 1142 1808 1211; x_wconf 86' lang='lat' dir='ltr'><strong>proximos</strong></span> <span class='ocrx_word' id='word_1_95' title='bbox 1826 1161 1855 1200; x_wconf 84' lang='lat'>4</span> 
     </span>
     <span class='ocr_line' id='line_1_13' title="bbox 133 1161 1812 1281; baseline 0 -19"><span class='ocrx_word' id='word_1_96' title='bbox 133 1161 337 1263; x_wconf 60' lang='lat' dir='ltr'><strong>bellum</strong></span> <span class='ocrx_word' id='word_1_97' title='bbox 381 1228 699 1281; x_wconf 92' lang='lat' dir='ltr'><strong>omnemque</strong></span> <span class='ocrx_word' id='word_1_98' title='bbox 746 1211 853 1263; x_wconf 89' lang='lat' dir='ltr'><strong>late</strong></span> <span class='ocrx_word' id='word_1_99' title='bbox 902 1210 1335 1280; x_wconf 86' lang='lat' dir='ltr'><strong>Cephalleniam,</strong></span> <span class='ocrx_word' id='word_1_100' title='bbox 1391 1210 1711 1280; x_wconf 84' lang='lat' dir='ltr'><strong>Zacynthon</strong></span> <span class='ocrx_word' id='word_1_101' title='bbox 1759 1217 1812 1262; x_wconf 91' lang='lat' dir='ltr'><strong>et</strong></span> 
     </span>
     <span class='ocr_line' id='line_1_14' title="bbox 136 1279 1810 1350; baseline 0 -19"><span class='ocrx_word' id='word_1_102' title='bbox 136 1279 398 1350; x_wconf 85' lang='lat' dir='ltr'><strong>quidquid</strong></span> <span class='ocrx_word' id='word_1_103' title='bbox 427 1279 725 1332; x_wconf 84' lang='lat' dir='ltr'><strong>insularum</strong></span> <span class='ocrx_word' id='word_1_104' title='bbox 750 1281 809 1332; x_wconf 91' lang='lat' dir='ltr'><strong>in</strong></span> <span class='ocrx_word' id='word_1_105' title='bbox 841 1297 904 1332; x_wconf 93' lang='lat' dir='ltr'><strong>eo</strong></span> <span class='ocrx_word' id='word_1_106' title='bbox 936 1280 1074 1331; x_wconf 90' lang='lat' dir='ltr'><strong>mari</strong></span> <span class='ocrx_word' id='word_1_107' title='bbox 1107 1281 1250 1332; x_wconf 91' lang='lat' dir='ltr'><strong>inter</strong></span> <span class='ocrx_word' id='word_1_108' title='bbox 1282 1279 1578 1333; x_wconf 84' lang='lat' dir='ltr'><strong>Ceraunios</strong></span> <span class='ocrx_word' id='word_1_109' title='bbox 1603 1286 1810 1332; x_wconf 90' lang='lat' dir='ltr'><strong>montes</strong></span> 
     </span>
     <span class='ocr_line' id='line_1_15' title="bbox 79 1347 1652 1418; baseline 0 -18"><span class='ocrx_word' id='word_1_110' title='bbox 79 1373 121 1407; x_wconf 60' lang='grc' dir='ltr'><strong>ιι</strong></span> <span class='ocrx_word' id='word_1_111' title='bbox 136 1350 426 1418; x_wconf 88' lang='lat' dir='ltr'><strong>iugumque</strong></span> <span class='ocrx_word' id='word_1_112' title='bbox 461 1347 723 1400; x_wconf 89' lang='lat' dir='ltr'><strong>Maleum:</strong></span> <span class='ocrx_word' id='word_1_113' title='bbox 759 1348 944 1400; x_wconf 93' lang='lat' dir='ltr'><strong>Aetoli</strong></span> <span class='ocrx_word' id='word_1_114' title='bbox 977 1348 1110 1400; x_wconf 93' lang='lat' dir='ltr'><strong>belli</strong></span> <span class='ocrx_word' id='word_1_115' title='bbox 1148 1349 1384 1402; x_wconf 86' lang='lat' dir='ltr'><strong>accessio</strong></span> <span class='ocrx_word' id='word_1_116' title='bbox 1418 1348 1652 1401; x_wconf 85' lang='lat' dir='ltr'><strong>fuerunt.</strong></span> 
     </span>
    </p>
   </div>
   <div class='ocr_carea' id='block_1_4' title="bbox 448 1457 1496 1512">
    <p class='ocr_par' dir='ltr' id='par_1_5' title="bbox 448 1457 1496 1512">
     <span class='ocr_line' id='line_1_16' title="bbox 448 1457 1496 1512; baseline 0 -2"><span class='ocrx_word' id='word_1_117' title='bbox 448 1458 662 1511; x_wconf 87' lang='lat' dir='ltr'>XXVI.</span> <span class='ocrx_word' id='word_1_118' title='bbox 722 1457 1032 1511; x_wconf 88' lang='lat' dir='ltr'><strong>BELLVM</strong></span> <span class='ocrx_word' id='word_1_119' title='bbox 1064 1457 1496 1512; x_wconf 83' lang='lat' dir='ltr'>HISTRICVM.</span> 
     </span>
    </p>
   </div>
   <div class='ocr_carea' id='block_1_5' title="bbox 77 1556 1928 2249">
    <p class='ocr_par' dir='ltr' id='par_1_6' title="bbox 134 1556 1928 1766">
     <span class='ocr_line' id='line_1_17' title="bbox 274 1556 1928 1678; baseline 0.003 -69"><span class='ocrx_word' id='word_1_120' title='bbox 274 1557 453 1610; x_wconf 82' lang='lat' dir='ltr'><strong>Histri</strong></span> <span class='ocrx_word' id='word_1_121' title='bbox 499 1564 752 1610; x_wconf 89' lang='lat' dir='ltr'><strong>secuntur</strong></span> <span class='ocrx_word' id='word_1_122' title='bbox 797 1556 1046 1624; x_wconf 83' lang='lat' dir='ltr'><strong>Aetolos3</strong></span> <span class='ocrx_word' id='word_1_123' title='bbox 1109 1558 1305 1678; x_wconf 62' lang='lat' dir='ltr'><strong>quippe</strong></span> <span class='ocrx_word' id='word_1_124' title='bbox 1351 1557 1616 1610; x_wconf 88' lang='lat' dir='ltr'><strong>bellantes</strong></span> <span class='ocrx_word' id='word_1_125' title='bbox 1666 1575 1756 1609; x_wconf 93' lang='lat' dir='ltr'><strong>eos</strong></span> <span class='ocrx_word' id='word_1_126' title='bbox 1786 1560 1928 1625; x_wconf 89' lang='lat'><strong>11,10</strong></span> 
     </span>
     <span class='ocr_line' id='line_1_18' title="bbox 134 1626 1857 1697; baseline 0.002 -18"><span class='ocrx_word' id='word_1_127' title='bbox 134 1645 307 1697; x_wconf 90' lang='lat' dir='ltr'><strong>nuper</strong></span> <span class='ocrx_word' id='word_1_128' title='bbox 333 1627 671 1679; x_wconf 91' lang='lat' dir='ltr'><strong>adiuverant.</strong></span> <span class='ocrx_word' id='word_1_129' title='bbox 709 1634 762 1678; x_wconf 94' lang='lat' dir='ltr'><strong>et</strong></span> <span class='ocrx_word' id='word_1_130' title='bbox 799 1626 957 1678; x_wconf 87' lang='lat' dir='ltr'><strong>initia</strong></span> <span class='ocrx_word' id='word_1_131' title='bbox 994 1644 1208 1696; x_wconf 85' lang='lat' dir='ltr'><strong>pugnae</strong></span> <span class='ocrx_word' id='word_1_132' title='bbox 1276 1627 1380 1679; x_wconf 89' lang='lat' dir='ltr'><strong>osti</strong></span> <span class='ocrx_word' id='word_1_133' title='bbox 1408 1643 1670 1696; x_wconf 85' lang='lat' dir='ltr'><strong>prospera</strong></span> <span class='ocrx_word' id='word_1_134' title='bbox 1696 1626 1807 1678; x_wconf 88' lang='lat' dir='ltr'><strong>fue-</strong></span> <span class='ocrx_word' id='word_1_135' title='bbox 1830 1643 1857 1682; x_wconf 85' lang='lat'>2</span> 
     </span>
     <span class='ocr_line' id='line_1_19' title="bbox 135 1695 1814 1766; baseline -0.001 -18"><span class='ocrx_word' id='word_1_136' title='bbox 135 1704 261 1748; x_wconf 91' lang='lat' dir='ltr'><strong>runt</strong></span> <span class='ocrx_word' id='word_1_137' title='bbox 308 1696 601 1766; x_wconf 85' lang='lat' dir='ltr'><strong>eademque</strong></span> <span class='ocrx_word' id='word_1_138' title='bbox 646 1697 802 1748; x_wconf 84' lang='lat' dir='ltr'><strong>exitii</strong></span> <span class='ocrx_word' id='word_1_139' title='bbox 849 1712 1029 1748; x_wconf 86' lang='lat' dir='ltr'><strong>causa.</strong></span> <span class='ocrx_word' id='word_1_140' title='bbox 1088 1713 1214 1747; x_wconf 93' lang='lat' dir='ltr'><strong>nam</strong></span> <span class='ocrx_word' id='word_1_141' title='bbox 1261 1713 1382 1748; x_wconf 93' lang='lat' dir='ltr'><strong>cum</strong></span> <span class='ocrx_word' id='word_1_142' title='bbox 1430 1695 1572 1748; x_wconf 92' lang='lat' dir='ltr'><strong>Gnei</strong></span> <span class='ocrx_word' id='word_1_143' title='bbox 1623 1695 1814 1747; x_wconf 86' lang='lat' dir='ltr'><strong>Manlii</strong></span> 
     </span>
    </p>

    <p class='ocr_par' dir='ltr' id='par_1_7' title="bbox 77 1765 1855 2112">
     <span class='ocr_line' id='line_1_20' title="bbox 77 1765 1811 1835; baseline 0.001 -21"><span class='ocrx_word' id='word_1_144' title='bbox 77 1780 122 1815; x_wconf 84' lang='lat'><strong>20</strong></span> <span class='ocrx_word' id='word_1_145' title='bbox 138 1772 314 1818; x_wconf 87' lang='lat' dir='ltr'><strong>castra</strong></span> <span class='ocrx_word' id='word_1_146' title='bbox 348 1783 410 1817; x_wconf 92' lang='lat' dir='ltr'><strong>ce</strong></span> <span class='ocrx_word' id='word_1_147' title='bbox 447 1767 616 1818; x_wconf 83' lang='lat' dir='ltr'><strong>issent</strong></span> <span class='ocrx_word' id='word_1_148' title='bbox 655 1766 970 1835; x_wconf 92' lang='lat' dir='ltr'><strong>opimaeque</strong></span> <span class='ocrx_word' id='word_1_149' title='bbox 1015 1766 1249 1835; x_wconf 87' lang='lat' dir='ltr'><strong>praedae</strong></span> <span class='ocrx_word' id='word_1_150' title='bbox 1292 1765 1635 1832; x_wconf 87' lang='lat' dir='ltr'><strong>incubarent,</strong></span> <span class='ocrx_word' id='word_1_151' title='bbox 1687 1783 1811 1834; x_wconf 90' lang='lat' dir='ltr'><strong>epu-</strong></span> 
     </span>
     <span class='ocr_line' id='line_1_21' title="bbox 135 1834 1810 1905; baseline -0.001 -19"><span class='ocrx_word' id='word_1_152' title='bbox 135 1834 308 1887; x_wconf 86' lang='lat' dir='ltr'><strong>lantes</strong></span> <span class='ocrx_word' id='word_1_153' title='bbox 333 1852 398 1886; x_wconf 89' lang='lat' dir='ltr'><strong>ac</strong></span> <span class='ocrx_word' id='word_1_154' title='bbox 444 1834 750 1887; x_wconf 89' lang='lat' dir='ltr'><strong>udibundos</strong></span> <span class='ocrx_word' id='word_1_155' title='bbox 812 1835 1077 1905; x_wconf 90' lang='lat' dir='ltr'><strong>lerosque,</strong></span> <span class='ocrx_word' id='word_1_156' title='bbox 1144 1835 1203 1885; x_wconf 92' lang='lat' dir='ltr'><strong>ui</strong></span> <span class='ocrx_word' id='word_1_157' title='bbox 1231 1842 1323 1886; x_wconf 92' lang='lat' dir='ltr'><strong>aut</strong></span> <span class='ocrx_word' id='word_1_158' title='bbox 1351 1834 1447 1886; x_wconf 92' lang='lat' dir='ltr'><strong>ubi</strong></span> <span class='ocrx_word' id='word_1_159' title='bbox 1478 1841 1658 1886; x_wconf 90' lang='lat' dir='ltr'><strong>essent</strong></span> <span class='ocrx_word' id='word_1_160' title='bbox 1681 1851 1810 1904; x_wconf 88' lang='lat' dir='ltr'><strong>prae</strong></span> 
     </span>
     <span class='ocr_line' id='line_1_22' title="bbox 134 1853 1855 1974; baseline -0.001 -19"><span class='ocrx_word' id='word_1_161' title='bbox 134 1903 343 1974; x_wconf 86' lang='lat' dir='ltr'><strong>poculis</strong></span> <span class='ocrx_word' id='word_1_162' title='bbox 389 1904 708 1970; x_wconf 77' lang='lat' dir='ltr'><strong>nescienteS,</strong></span> <span class='ocrx_word' id='word_1_163' title='bbox 756 1854 843 1973; x_wconf 61' lang='lat' dir='ltr'><strong>KP</strong></span> <span class='ocrx_word' id='word_1_164' title='bbox 882 1904 965 1955; x_wconf 91' lang='lat' dir='ltr'><strong>ius</strong></span> <span class='ocrx_word' id='word_1_165' title='bbox 1001 1853 1235 1955; x_wconf 59' lang='lat' dir='ltr'><strong>Pulgher</strong></span> <span class='ocrx_word' id='word_1_166' title='bbox 1281 1904 1507 1956; x_wconf 90' lang='lat' dir='ltr'><strong>invadit.</strong></span> <span class='ocrx_word' id='word_1_167' title='bbox 1574 1905 1652 1955; x_wconf 90' lang='lat' dir='ltr'><strong>sic</strong></span> <span class='ocrx_word' id='word_1_168' title='bbox 1688 1921 1809 1954; x_wconf 91' lang='lat' dir='ltr'><strong>cum</strong></span> <span class='ocrx_word' id='word_1_169' title='bbox 1827 1906 1855 1949; x_wconf 83' lang='lat'><strong>3</strong></span> 
     </span>
     <span class='ocr_line' id='line_1_23' title="bbox 137 1972 1810 2042; baseline -0.001 -18"><span class='ocrx_word' id='word_1_170' title='bbox 137 1973 400 2041; x_wconf 87' lang='lat' dir='ltr'><strong>sanguine</strong></span> <span class='ocrx_word' id='word_1_171' title='bbox 438 1979 491 2024; x_wconf 92' lang='lat' dir='ltr'><strong>et</strong></span> <span class='ocrx_word' id='word_1_172' title='bbox 525 1991 548 2024; x_wconf 92' lang='lat' dir='ltr'><strong>s</strong></span> <span class='ocrx_word' id='word_1_173' title='bbox 589 1973 718 2024; x_wconf 88' lang='lat' dir='ltr'><strong>iritu</strong></span> <span class='ocrx_word' id='word_1_174' title='bbox 750 1990 839 2025; x_wconf 91' lang='lat' dir='ltr'><strong>ma</strong></span> <span class='ocrx_word' id='word_1_175' title='bbox 863 1990 892 2024; x_wconf 93' lang='lat' dir='ltr'><strong>e</strong></span> <span class='ocrx_word' id='word_1_176' title='bbox 924 1979 1135 2042; x_wconf 88' lang='lat' dir='ltr'><strong>partam</strong></span> <span class='ocrx_word' id='word_1_177' title='bbox 1168 1989 1484 2025; x_wconf 85' lang='lat' dir='ltr'><strong>revomuere</strong></span> <span class='ocrx_word' id='word_1_178' title='bbox 1509 1972 1810 2025; x_wconf 85' lang='lat' dir='ltr'><strong>victoriam.</strong></span> 
     </span>
     <span class='ocr_line' id='line_1_24' title="bbox 136 2041 1815 2112; baseline 0 -19"><span class='ocrx_word' id='word_1_179' title='bbox 136 2043 255 2112; x_wconf 88' lang='lat' dir='ltr'><strong>ipse</strong></span> <span class='ocrx_word' id='word_1_180' title='bbox 271 2059 376 2094; x_wconf 83' lang='lat' dir='ltr'><strong>rex</strong></span> <span class='ocrx_word' id='word_1_181' title='bbox 399 2041 560 2111; x_wconf 90' lang='lat' dir='ltr'><strong>Aepu</strong></span> <span class='ocrx_word' id='word_1_182' title='bbox 583 2059 613 2093; x_wconf 93' lang='lat' dir='ltr'><strong>o</strong></span> <span class='ocrx_word' id='word_1_183' title='bbox 641 2059 779 2111; x_wconf 91' lang='lat' dir='ltr'><strong>equo</strong></span> <span class='ocrx_word' id='word_1_184' title='bbox 804 2042 1085 2111; x_wconf 77' lang='lat' dir='ltr'><strong>inposituS,</strong></span> <span class='ocrx_word' id='word_1_185' title='bbox 1105 2058 1228 2093; x_wconf 87' lang='lat' dir='ltr'><strong>cum</strong></span> <span class='ocrx_word' id='word_1_186' title='bbox 1253 2041 1482 2094; x_wconf 87' lang='lat' dir='ltr'><strong>subinde</strong></span> <span class='ocrx_word' id='word_1_187' title='bbox 1513 2041 1734 2111; x_wconf 87' lang='lat' dir='ltr'><strong>crapula</strong></span> <span class='ocrx_word' id='word_1_188' title='bbox 1762 2048 1815 2093; x_wconf 93' lang='lat' dir='ltr'><strong>et</strong></span> 
     </span>
    </p>

    <p class='ocr_par' dir='ltr' id='par_1_8' title="bbox 82 2110 1814 2249">
     <span class='ocr_line' id='line_1_25' title="bbox 82 2110 1814 2180; baseline -0.001 -16"><span class='ocrx_word' id='word_1_189' title='bbox 82 2111 330 2180; x_wconf 64' lang='lat' dir='ltr'><strong>wcapitis</strong></span> <span class='ocrx_word' id='word_1_190' title='bbox 360 2128 540 2163; x_wconf 91' lang='lat' dir='ltr'><strong>errore</strong></span> <span class='ocrx_word' id='word_1_191' title='bbox 566 2110 816 2180; x_wconf 85' lang='lat' dir='ltr'><strong>lapsaret,</strong></span> <span class='ocrx_word' id='word_1_192' title='bbox 843 2128 906 2162; x_wconf 88' lang='lat' dir='ltr'><strong>ca</strong></span> <span class='ocrx_word' id='word_1_193' title='bbox 942 2117 1057 2162; x_wconf 91' lang='lat' dir='ltr'><strong>tum</strong></span> <span class='ocrx_word' id='word_1_194' title='bbox 1084 2128 1202 2162; x_wconf 89' lang='lat' dir='ltr'><strong>sese</strong></span> <span class='ocrx_word' id='word_1_195' title='bbox 1243 2111 1341 2162; x_wconf 85' lang='lat' dir='ltr'><strong>vix</strong></span> <span class='ocrx_word' id='word_1_196' title='bbox 1373 2118 1426 2162; x_wconf 89' lang='lat' dir='ltr'><strong>et</strong></span> <span class='ocrx_word' id='word_1_197' title='bbox 1462 2127 1640 2179; x_wconf 86' lang='lat' dir='ltr'><strong>aegre,</strong></span> <span class='ocrx_word' id='word_1_198' title='bbox 1670 2117 1814 2180; x_wconf 89' lang='lat' dir='ltr'><strong>post-</strong></span> 
     </span>
     <span class='ocr_line' id='line_1_26' title="bbox 139 2179 1100 2249; baseline -0.002 -17"><span class='ocrx_word' id='word_1_199' title='bbox 139 2198 298 2249; x_wconf 92' lang='lat' dir='ltr'><strong>quam</strong></span> <span class='ocrx_word' id='word_1_200' title='bbox 327 2179 740 2249; x_wconf 82' lang='lat' dir='ltr'><strong>expergefactus</strong></span> <span class='ocrx_word' id='word_1_201' title='bbox 766 2186 862 2246; x_wconf 87' lang='lat' dir='ltr'><strong>est,</strong></span> <span class='ocrx_word' id='word_1_202' title='bbox 933 2179 1100 2231; x_wconf 53' lang='lat' dir='ltr'><strong>’dicit</strong></span> 
     </span>
    </p>
   </div>
   <div class='ocr_carea' id='block_1_6' title="bbox 328 2289 1609 2343">
    <p class='ocr_par' dir='ltr' id='par_1_9' title="bbox 328 2289 1609 2343">
     <span class='ocr_line' id='line_1_27' title="bbox 328 2289 1609 2343; baseline 0 -1"><span class='ocrx_word' id='word_1_203' title='bbox 328 2289 572 2343; x_wconf 90' lang='lat' dir='ltr'>XXVII.</span> <span class='ocrx_word' id='word_1_204' title='bbox 627 2290 935 2343; x_wconf 90' lang='lat' dir='ltr'>BELLVM</span> <span class='ocrx_word' id='word_1_205' title='bbox 972 2289 1609 2343; x_wconf 85' lang='lat' dir='ltr'><strong>GALLOGRAECVM.</strong></span> 
     </span>
    </p>
   </div>
   <div class='ocr_carea' id='block_1_7' title="bbox 85 2386 1927 2941">
    <p class='ocr_par' dir='ltr' id='par_1_10' title="bbox 282 2386 1927 2459">
     <span class='ocr_line' id='line_1_28' title="bbox 282 2386 1927 2459; baseline 0.002 -21"><span class='ocrx_word' id='word_1_206' title='bbox 282 2386 716 2456; x_wconf 81' lang='lat' dir='ltr'><strong>Gallograeciam</strong></span> <span class='ocrx_word' id='word_1_207' title='bbox 760 2406 970 2458; x_wconf 92' lang='lat' dir='ltr'><strong>quoque</strong></span> <span class='ocrx_word' id='word_1_208' title='bbox 1007 2387 1217 2459; x_wconf 87' lang='lat' dir='ltr'><strong>Syriaci</strong></span> <span class='ocrx_word' id='word_1_209' title='bbox 1249 2387 1380 2440; x_wconf 91' lang='lat' dir='ltr'><strong>belli</strong></span> <span class='ocrx_word' id='word_1_210' title='bbox 1425 2389 1584 2440; x_wconf 91' lang='lat' dir='ltr'><strong>ruina</strong></span> <span class='ocrx_word' id='word_1_211' title='bbox 1624 2405 1747 2441; x_wconf 94' lang='lat' dir='ltr'><strong>con-</strong></span> <span class='ocrx_word' id='word_1_212' title='bbox 1782 2403 1842 2457; x_wconf 93' lang='lat'><strong>11,</strong></span> <span class='ocrx_word' id='word_1_213' title='bbox 1860 2393 1927 2448; x_wconf 86' lang='lat'><strong>11</strong></span> 
     </span>
    </p>

    <p class='ocr_par' dir='ltr' id='par_1_11' title="bbox 85 2456 1852 2596">
     <span class='ocr_line' id='line_1_29' title="bbox 138 2456 1852 2527; baseline -0.002 -18"><span class='ocrx_word' id='word_1_214' title='bbox 138 2457 328 2509; x_wconf 92' lang='lat' dir='ltr'><strong>volvit.</strong></span> <span class='ocrx_word' id='word_1_215' title='bbox 380 2456 581 2508; x_wconf 89' lang='lat' dir='ltr'><strong>fuerint</strong></span> <span class='ocrx_word' id='word_1_216' title='bbox 617 2458 759 2508; x_wconf 90' lang='lat' dir='ltr'><strong>inter</strong></span> <span class='ocrx_word' id='word_1_217' title='bbox 791 2458 997 2510; x_wconf 81' lang='lat' dir='ltr'><strong>auxilia</strong></span> <span class='ocrx_word' id='word_1_218' title='bbox 1027 2459 1172 2527; x_wconf 87' lang='lat' dir='ltr'><strong>regis</strong></span> <span class='ocrx_word' id='word_1_219' title='bbox 1208 2457 1488 2524; x_wconf 89' lang='lat' dir='ltr'><strong>Antiochi,</strong></span> <span class='ocrx_word' id='word_1_220' title='bbox 1537 2475 1608 2509; x_wconf 88' lang='lat' dir='ltr'><strong>an</strong></span> <span class='ocrx_word' id='word_1_221' title='bbox 1640 2457 1852 2510; x_wconf 83' lang='lat' dir='ltr'><strong>fuisse2</strong></span> 
     </span>
     <span class='ocr_line' id='line_1_30' title="bbox 85 2525 1810 2596; baseline 0 -18"><span class='ocrx_word' id='word_1_222' title='bbox 85 2543 128 2578; x_wconf 84' lang='lat'><strong>30</strong></span> <span class='ocrx_word' id='word_1_223' title='bbox 143 2526 368 2596; x_wconf 87' lang='lat' dir='ltr'><strong>cupidus</strong></span> <span class='ocrx_word' id='word_1_224' title='bbox 405 2526 663 2595; x_wconf 90' lang='lat' dir='ltr'><strong>triumphi</strong></span> <span class='ocrx_word' id='word_1_225' title='bbox 696 2525 930 2579; x_wconf 88' lang='lat' dir='ltr'><strong>Manlius</strong></span> <span class='ocrx_word' id='word_1_226' title='bbox 960 2527 1131 2580; x_wconf 90' lang='lat' dir='ltr'><strong>Vulso</strong></span> <span class='ocrx_word' id='word_1_227' title='bbox 1172 2526 1520 2593; x_wconf 87' lang='lat' dir='ltr'><strong>simulaverit,</strong></span> <span class='ocrx_word' id='word_1_228' title='bbox 1561 2525 1810 2594; x_wconf 85' lang='lat' dir='ltr'><strong>dubium3</strong></span> 
     </span>
    </p>

    <p class='ocr_par' dir='ltr' id='par_1_12' title="bbox 140 2595 1853 2666">
     <span class='ocr_line' id='line_1_31' title="bbox 140 2595 1853 2666; baseline 0.002 -20"><span class='ocrx_word' id='word_1_229' title='bbox 140 2602 196 2646; x_wconf 93' lang='lat' dir='ltr'><strong>at</strong></span> <span class='ocrx_word' id='word_1_230' title='bbox 232 2601 377 2648; x_wconf 90' lang='lat' dir='ltr'><strong>certe</strong></span> <span class='ocrx_word' id='word_1_231' title='bbox 425 2603 652 2662; x_wconf 89' lang='lat' dir='ltr'><strong>negatus</strong></span> <span class='ocrx_word' id='word_1_232' title='bbox 690 2602 771 2648; x_wconf 90' lang='lat' dir='ltr'><strong>est</strong></span> <span class='ocrx_word' id='word_1_233' title='bbox 812 2597 1008 2650; x_wconf 89' lang='lat' dir='ltr'><strong>victori</strong></span> <span class='ocrx_word' id='word_1_234' title='bbox 1047 2595 1349 2666; x_wconf 90' lang='lat' dir='ltr'><strong>triumphus</strong></span> <span class='ocrx_word' id='word_1_235' title='bbox 1361 2635 1376 2662; x_wconf 93' lang='lat'><strong>,</strong></span> <span class='ocrx_word' id='word_1_236' title='bbox 1429 2597 1555 2666; x_wconf 87' lang='lat' dir='ltr'><strong>quia</strong></span> <span class='ocrx_word' id='word_1_237' title='bbox 1591 2606 1807 2647; x_wconf 89' lang='lat' dir='ltr'><strong>causam</strong></span> <span class='ocrx_word' id='word_1_238' title='bbox 1825 2606 1853 2649; x_wconf 85' lang='lat'><strong>3</strong></span> 
     </span>
    </p>

    <p class='ocr_par' dir='ltr' id='par_1_13' title="bbox 139 2663 1811 2734">
     <span class='ocr_line' id='line_1_32' title="bbox 139 2663 1811 2734; baseline 0 -18"><span class='ocrx_word' id='word_1_239' title='bbox 139 2663 272 2716; x_wconf 89' lang='lat' dir='ltr'><strong>belli</strong></span> <span class='ocrx_word' id='word_1_240' title='bbox 318 2682 428 2716; x_wconf 93' lang='lat' dir='ltr'><strong>non</strong></span> <span class='ocrx_word' id='word_1_241' title='bbox 463 2663 800 2734; x_wconf 86' lang='lat' dir='ltr'><strong>adprobavit.</strong></span> <span class='ocrx_word' id='word_1_242' title='bbox 858 2672 1095 2718; x_wconf 91' lang='lat' dir='ltr'><strong>ceterum</strong></span> <span class='ocrx_word' id='word_1_243' title='bbox 1144 2683 1278 2734; x_wconf 88' lang='lat' dir='ltr'><strong>gens</strong></span> <span class='ocrx_word' id='word_1_244' title='bbox 1316 2664 1811 2734; x_wconf 77' lang='lat' dir='ltr'><strong>Gallograecorum,</strong></span> 
     </span>
    </p>

    <p class='ocr_par' dir='ltr' id='par_1_14' title="bbox 143 2733 1812 2803">
     <span class='ocr_line' id='line_1_33' title="bbox 143 2733 1812 2803; baseline 0 -18"><span class='ocrx_word' id='word_1_245' title='bbox 143 2733 279 2785; x_wconf 87' lang='lat' dir='ltr'><strong>sicut</strong></span> <span class='ocrx_word' id='word_1_246' title='bbox 307 2734 485 2803; x_wconf 91' lang='lat' dir='ltr'><strong>ipsum</strong></span> <span class='ocrx_word' id='word_1_247' title='bbox 512 2751 708 2785; x_wconf 90' lang='lat' dir='ltr'><strong>nomen</strong></span> <span class='ocrx_word' id='word_1_248' title='bbox 735 2734 935 2787; x_wconf 92' lang='lat' dir='ltr'><strong>indicio</strong></span> <span class='ocrx_word' id='word_1_249' title='bbox 967 2743 1061 2802; x_wconf 90' lang='lat' dir='ltr'><strong>est,</strong></span> <span class='ocrx_word' id='word_1_250' title='bbox 1091 2736 1265 2787; x_wconf 83' lang='lat' dir='ltr'><strong>mixta</strong></span> <span class='ocrx_word' id='word_1_251' title='bbox 1292 2742 1344 2787; x_wconf 93' lang='lat' dir='ltr'><strong>et</strong></span> <span class='ocrx_word' id='word_1_252' title='bbox 1372 2734 1674 2786; x_wconf 89' lang='lat' dir='ltr'><strong>adulterata</strong></span> <span class='ocrx_word' id='word_1_253' title='bbox 1702 2741 1812 2786; x_wconf 90' lang='lat' dir='ltr'><strong>est:</strong></span> 
     </span>
    </p>

    <p class='ocr_par' dir='ltr' id='par_1_15' title="bbox 88 2801 1812 2941">
     <span class='ocr_line' id='line_1_34' title="bbox 140 2801 1812 2872; baseline 0.001 -18"><span class='ocrx_word' id='word_1_254' title='bbox 140 2801 400 2872; x_wconf 89' lang='lat' dir='ltr'><strong>reliquiae</strong></span> <span class='ocrx_word' id='word_1_255' title='bbox 422 2802 717 2869; x_wconf 80' lang='lat' dir='ltr'><strong>Gallorum,</strong></span> <span class='ocrx_word' id='word_1_256' title='bbox 752 2804 843 2872; x_wconf 90' lang='lat' dir='ltr'><strong>qui</strong></span> <span class='ocrx_word' id='word_1_257' title='bbox 863 2804 1080 2857; x_wconf 91' lang='lat' dir='ltr'><strong>Brenno</strong></span> <span class='ocrx_word' id='word_1_258' title='bbox 1110 2804 1245 2856; x_wconf 89' lang='lat' dir='ltr'><strong>duce</strong></span> <span class='ocrx_word' id='word_1_259' title='bbox 1277 2810 1623 2855; x_wconf 90' lang='lat' dir='ltr'><strong>vastaverant</strong></span> <span class='ocrx_word' id='word_1_260' title='bbox 1644 2802 1812 2856; x_wconf 87' lang='lat' dir='ltr'><strong>Grae-</strong></span> 
     </span>
     <span class='ocr_line' id='line_1_35' title="bbox 88 2871 1810 2941; baseline -0.002 -14"><span class='ocrx_word' id='word_1_261' title='bbox 88 2872 299 2939; x_wconf 72' lang='lat' dir='ltr'><strong>asciam,</strong></span> <span class='ocrx_word' id='word_1_262' title='bbox 339 2873 599 2925; x_wconf 91' lang='lat' dir='ltr'><strong>orientem</strong></span> <span class='ocrx_word' id='word_1_263' title='bbox 630 2873 814 2939; x_wconf 83' lang='lat' dir='ltr'><strong>secuti,</strong></span> <span class='ocrx_word' id='word_1_264' title='bbox 853 2874 909 2924; x_wconf 91' lang='lat' dir='ltr'><strong>in</strong></span> <span class='ocrx_word' id='word_1_265' title='bbox 932 2873 1111 2926; x_wconf 90' lang='lat' dir='ltr'><strong>media</strong></span> <span class='ocrx_word' id='word_1_266' title='bbox 1143 2874 1308 2924; x_wconf 89' lang='lat' dir='ltr'><strong>Asiae</strong></span> <span class='ocrx_word' id='word_1_267' title='bbox 1344 2878 1498 2941; x_wconf 87' lang='lat' dir='ltr'><strong>parte</strong></span> <span class='ocrx_word' id='word_1_268' title='bbox 1529 2871 1810 2939; x_wconf 80' lang='lat' dir='ltr'><strong>sederunt3</strong></span> 
     </span>
    </p>
   </div>
  </div>
 </body>
</html>
