<?xml version="1.0" encoding="UTF-8"?>
<!DOCTYPE html PUBLIC "-//W3C//DTD XHTML 1.0 Transitional//EN"
    "http://www.w3.org/TR/xhtml1/DTD/xhtml1-transitional.dtd">
<html xmlns="http://www.w3.org/1999/xhtml" xml:lang="en" lang="en">
 <head>
  <title>
</title>
<meta http-equiv="Content-Type" content="text/html;charset=utf-8" />
  <meta name='ocr-system' content='tesseract 3.04.00' />
  <meta name='ocr-capabilities' content='ocr_page ocr_carea ocr_par ocr_line ocrx_word'/>
</head>
<body>
  <div class='ocr_page' id='page_1' title='image "./epitomaedetitoli00floruoft_0161.png"; bbox 0 0 2020 3168; ppageno 0'>
   <div class='ocr_carea' id='block_1_1' title="bbox 0 0 2020 251">
    <p class='ocr_par' dir='ltr' id='par_1_1' title="bbox 0 0 2020 251">
     <span class='ocr_line' id='line_1_1' title="bbox 0 0 2020 251; baseline 0 2917"><span class='ocrx_word' id='word_1_1' title='bbox 0 0 2020 251; x_wconf 95' lang='lat' dir='ltr'><em> </em></span> 
     </span>
    </p>
   </div>
   <div class='ocr_carea' id='block_1_2' title="bbox 851 269 1925 314">
    <p class='ocr_par' dir='ltr' id='par_1_2' title="bbox 851 269 1925 314">
     <span class='ocr_line' id='line_1_2' title="bbox 851 269 1925 314; baseline 0.002 -6"><span class='ocrx_word' id='word_1_2' title='bbox 851 269 1197 314; x_wconf 76' lang='lat' dir='ltr'><strong>PRAEFATIO.</strong></span> <span class='ocrx_word' id='word_1_3' title='bbox 1858 271 1925 310; x_wconf 82' lang='lat' dir='ltr'><em>XI</em></span> 
     </span>
    </p>
   </div>
   <div class='ocr_carea' id='block_1_3' title="bbox 40 386 1926 526">
    <p class='ocr_par' dir='ltr' id='par_1_3' title="bbox 40 386 1926 526">
     <span class='ocr_line' id='line_1_3' title="bbox 40 386 1926 446; baseline 0 -12"><span class='ocrx_word' id='word_1_4' title='bbox 40 391 43 434; x_wconf 80' lang='grc' dir='ltr'><strong><em>ξ</em></strong></span> <span class='ocrx_word' id='word_1_5' title='bbox 106 394 280 440; x_wconf 81' lang='lat' dir='ltr'><em>dracas</em></span> <span class='ocrx_word' id='word_1_6' title='bbox 313 390 477 436; x_wconf 87' lang='lat' dir='ltr'><em>obiecto</em></span> <span class='ocrx_word' id='word_1_7' title='bbox 514 387 577 433; x_wconf 82' lang='lat' dir='ltr'><em>T:</em></span> <span class='ocrx_word' id='word_1_8' title='bbox 616 388 888 446; x_wconf 85' lang='lat' dir='ltr'><em>opsidacras</em></span> <span class='ocrx_word' id='word_1_9' title='bbox 926 387 1118 437; x_wconf 82' lang='lat' dir='ltr'><em>obiectos</em></span> <span class='ocrx_word' id='word_1_10' title='bbox 1152 386 1212 444; x_wconf 91' lang='lat' dir='ltr'><em>C;</em></span> <span class='ocrx_word' id='word_1_11' title='bbox 1255 389 1315 434; x_wconf 79' lang='lat' dir='ltr'><em>cr.</em></span> <span class='ocrx_word' id='word_1_12' title='bbox 1355 387 1568 433; x_wconf 82' lang='lat' dir='ltr'><em>Freinsh.</em></span> <span class='ocrx_word' id='word_1_13' title='bbox 1615 386 1677 433; x_wconf 85' lang='lat' dir='ltr'><em>ad</em></span> <span class='ocrx_word' id='word_1_14' title='bbox 1714 386 1836 432; x_wconf 84' lang='lat' dir='ltr'><em>Curt.</em></span> <span class='ocrx_word' id='word_1_15' title='bbox 1884 391 1926 445; x_wconf 88' lang='lat'><em>4,</em></span> 
     </span>
     <span class='ocr_line' id='line_1_4' title="bbox 40 450 1926 526; baseline -0.002 -21"><span class='ocrx_word' id='word_1_16' title='bbox 40 507 41 510; x_wconf 64' lang='grc'>,</span> <span class='ocrx_word' id='word_1_17' title='bbox 107 467 148 516; x_wconf 86' lang='grc'><em>9,</em></span> <span class='ocrx_word' id='word_1_18' title='bbox 167 465 225 510; x_wconf 82' lang='lat'><em>26</em></span> <span class='ocrx_word' id='word_1_19' title='bbox 257 453 282 526; x_wconf 92' lang='grc' dir='ltr'>Η</span> <span class='ocrx_word' id='word_1_20' title='bbox 312 460 500 504; x_wconf 77' lang='lat' dir='ltr'><em>retexit.-</em></span> <span class='ocrx_word' id='word_1_21' title='bbox 548 459 607 503; x_wconf 87' lang='lat' dir='ltr'><em>cs.</em></span> <span class='ocrx_word' id='word_1_22' title='bbox 630 462 782 502; x_wconf 82' lang='lat' dir='ltr'><em>tamen</em></span> <span class='ocrx_word' id='word_1_23' title='bbox 799 459 872 510; x_wconf 87' lang='lat'><em>46,</em></span> <span class='ocrx_word' id='word_1_24' title='bbox 893 459 920 509; x_wconf 82' lang='lat' dir='ltr'><strong>S</strong></span> <span class='ocrx_word' id='word_1_25' title='bbox 938 460 967 505; x_wconf 87' lang='lat'><strong>3</strong></span> <span class='ocrx_word' id='word_1_26' title='bbox 997 450 1019 519; x_wconf 99' lang='grc' dir='ltr'>Η</span> <span class='ocrx_word' id='word_1_27' title='bbox 1055 457 1361 513; x_wconf 88' lang='lat' dir='ltr'><em>Ptolemaeus,</em></span> <span class='ocrx_word' id='word_1_28' title='bbox 1401 459 1498 502; x_wconf 84' lang='lat' dir='ltr'><em>eius</em></span> <span class='ocrx_word' id='word_1_29' title='bbox 1510 458 1660 515; x_wconf 85' lang='lat' dir='ltr'><em>filius,</em></span> <span class='ocrx_word' id='word_1_30' title='bbox 1689 455 1926 501; x_wconf 77' lang='lat' dir='ltr'><em>Philadel-</em></span> 
     </span>
    </p>
   </div>
   <div class='ocr_carea' id='block_1_4' title="bbox 98 520 1927 591">
    <p class='ocr_par' dir='ltr' id='par_1_4' title="bbox 98 520 1927 591">
     <span class='ocr_line' id='line_1_5' title="bbox 98 520 1927 591; baseline -0.003 -16"><span class='ocrx_word' id='word_1_31' title='bbox 98 532 224 590; x_wconf 71' lang='lat' dir='ltr'><em>phus</em></span> <span class='ocrx_word' id='word_1_32' title='bbox 262 530 324 573; x_wconf 90' lang='lat' dir='ltr'><em>D:</em></span> <span class='ocrx_word' id='word_1_33' title='bbox 361 528 641 585; x_wconf 68' lang='lat' dir='ltr'><em>ptolemaeus</em></span> <span class='ocrx_word' id='word_1_34' title='bbox 671 526 796 584; x_wconf 83' lang='lat' dir='ltr'><em>filius</em></span> <span class='ocrx_word' id='word_1_35' title='bbox 823 525 1117 583; x_wconf 79' lang='lat' dir='ltr'><em>Philadelphi</em></span> <span class='ocrx_word' id='word_1_36' title='bbox 1147 525 1181 572; x_wconf 89' lang='lat' dir='ltr'>C</span> <span class='ocrx_word' id='word_1_37' title='bbox 1224 520 1246 591; x_wconf 95' lang='grc' dir='ltr'>Η</span> <span class='ocrx_word' id='word_1_38' title='bbox 1284 530 1343 574; x_wconf 81' lang='grc'>24</span> <span class='ocrx_word' id='word_1_39' title='bbox 1372 527 1524 584; x_wconf 63' lang='lat' dir='ltr'><em>seqq]</em></span> <span class='ocrx_word' id='word_1_40' title='bbox 1560 525 1677 570; x_wconf 86' lang='lat' dir='ltr'><em>haec</em></span> <span class='ocrx_word' id='word_1_41' title='bbox 1709 531 1927 584; x_wconf 86' lang='lat' dir='ltr'><em>corrupta</em></span> 
     </span>
    </p>
   </div>
   <div class='ocr_carea' id='block_1_5' title="bbox 41 595 1928 655">
    <p class='ocr_par' dir='ltr' id='par_1_5' title="bbox 41 595 1928 655">
     <span class='ocr_line' id='line_1_6' title="bbox 41 595 1928 655; baseline -0.003 -11"><span class='ocrx_word' id='word_1_42' title='bbox 41 632 46 636; x_wconf 38' lang='grc' dir='ltr'><em>ι</em></span> <span class='ocrx_word' id='word_1_43' title='bbox 108 612 214 646; x_wconf 87' lang='lat' dir='ltr'><em>esse</em></span> <span class='ocrx_word' id='word_1_44' title='bbox 244 601 460 655; x_wconf 76' lang='lat' dir='ltr'><em>apparet:</em></span> <span class='ocrx_word' id='word_1_45' title='bbox 510 595 639 640; x_wconf 89' lang='lat' dir='ltr'><em>nolui</em></span> <span class='ocrx_word' id='word_1_46' title='bbox 668 599 822 639; x_wconf 87' lang='lat' dir='ltr'><em>tamen</em></span> <span class='ocrx_word' id='word_1_47' title='bbox 856 595 1134 640; x_wconf 85' lang='lat' dir='ltr'><em>coniecturis</em></span> <span class='ocrx_word' id='word_1_48' title='bbox 1173 595 1446 655; x_wconf 81' lang='lat' dir='ltr'><em>indulgere,</em></span> <span class='ocrx_word' id='word_1_49' title='bbox 1491 596 1601 653; x_wconf 85' lang='lat' dir='ltr'><em>quia</em></span> <span class='ocrx_word' id='word_1_50' title='bbox 1629 596 1675 639; x_wconf 88' lang='lat' dir='ltr'><em>in</em></span> <span class='ocrx_word' id='word_1_51' title='bbox 1706 600 1928 652; x_wconf 83' lang='lat' dir='ltr'><em>quantum</em></span> 
     </span>
    </p>
   </div>
   <div class='ocr_carea' id='block_1_6' title="bbox 107 658 1927 801">
    <p class='ocr_par' dir='ltr' id='par_1_6' title="bbox 107 658 1927 801">
     <span class='ocr_line' id='line_1_7' title="bbox 107 658 1927 729; baseline -0.003 -15"><span class='ocrx_word' id='word_1_52' title='bbox 107 669 350 725; x_wconf 85' lang='lat' dir='ltr'><em>Ampelius</em></span> <span class='ocrx_word' id='word_1_53' title='bbox 380 667 481 724; x_wconf 88' lang='lat' dir='ltr'><em>ipse</em></span> <span class='ocrx_word' id='word_1_54' title='bbox 511 665 739 711; x_wconf 82' lang='lat' dir='ltr'><em>erraverit</em></span> <span class='ocrx_word' id='word_1_55' title='bbox 767 663 955 710; x_wconf 88' lang='lat' dir='ltr'><em>dubium</em></span> <span class='ocrx_word' id='word_1_56' title='bbox 987 670 1072 709; x_wconf 76' lang='lat' dir='ltr'><em>est.</em></span> <span class='ocrx_word' id='word_1_57' title='bbox 1108 658 1130 729; x_wconf 97' lang='grc' dir='ltr'>Η</span> <span class='ocrx_word' id='word_1_58' title='bbox 1167 670 1226 714; x_wconf 91' lang='grc'><em>30</em></span> <span class='ocrx_word' id='word_1_59' title='bbox 1254 681 1284 711; x_wconf 93' lang='lat' dir='ltr'><em>a</em></span> <span class='ocrx_word' id='word_1_60' title='bbox 1312 665 1501 711; x_wconf 81' lang='lat' dir='ltr'><em>Pothino</em></span> <span class='ocrx_word' id='word_1_61' title='bbox 1538 666 1598 709; x_wconf 89' lang='lat' dir='ltr'><em>P:</em></span> <span class='ocrx_word' id='word_1_62' title='bbox 1641 666 1830 723; x_wconf 89' lang='lat' dir='ltr'><em>pontino</em></span> <span class='ocrx_word' id='word_1_63' title='bbox 1867 662 1927 719; x_wconf 88' lang='lat' dir='ltr'><em>C;</em></span> 
     </span>
     <span class='ocr_line' id='line_1_8' title="bbox 107 727 1211 801; baseline -0.004 -17"><span class='ocrx_word' id='word_1_64' title='bbox 107 737 385 794; x_wconf 86' lang='lat' dir='ltr'><em>Pompeiano</em></span> <span class='ocrx_word' id='word_1_65' title='bbox 404 734 438 779; x_wconf 83' lang='lat' dir='ltr'>F</span> <span class='ocrx_word' id='word_1_66' title='bbox 463 727 486 798; x_wconf 93' lang='grc' dir='ltr'>Η</span> <span class='ocrx_word' id='word_1_67' title='bbox 510 736 570 781; x_wconf 84' lang='grc'>34</span> <span class='ocrx_word' id='word_1_68' title='bbox 580 735 734 791; x_wconf 87' lang='lat' dir='ltr'><em>primo</em></span> <span class='ocrx_word' id='word_1_69' title='bbox 754 732 934 778; x_wconf 83' lang='lat' dir='ltr'>addidit</span> <span class='ocrx_word' id='word_1_70' title='bbox 954 733 1162 780; x_wconf 83' lang='lat' dir='ltr'>Halmius</span> <span class='ocrx_word' id='word_1_71' title='bbox 1188 730 1211 801; x_wconf 96' lang='grc' dir='ltr'>Η</span> 
     </span>
    </p>
   </div>
   <div class='ocr_carea' id='block_1_7' title="bbox 249 795 1930 867">
    <p class='ocr_par' dir='ltr' id='par_1_7' title="bbox 249 795 1930 867">
     <span class='ocr_line' id='line_1_9' title="bbox 249 795 1930 867; baseline 0 -18"><span class='ocrx_word' id='word_1_72' title='bbox 249 800 332 864; x_wconf 83' lang='grc'><em>26,</em></span> <span class='ocrx_word' id='word_1_73' title='bbox 357 810 381 852; x_wconf 84' lang='grc'><strong>1</strong></span> <span class='ocrx_word' id='word_1_74' title='bbox 409 804 596 848; x_wconf 83' lang='lat' dir='ltr'><em>Bareas</em></span> <span class='ocrx_word' id='word_1_75' title='bbox 623 803 683 846; x_wconf 87' lang='lat' dir='ltr'><em>P:</em></span> <span class='ocrx_word' id='word_1_76' title='bbox 726 802 908 847; x_wconf 81' lang='lat' dir='ltr'><em>Boccor</em></span> <span class='ocrx_word' id='word_1_77' title='bbox 930 801 963 848; x_wconf 88' lang='lat' dir='ltr'>C</span> <span class='ocrx_word' id='word_1_78' title='bbox 997 795 1020 867; x_wconf 94' lang='grc' dir='ltr'>Η</span> <span class='ocrx_word' id='word_1_79' title='bbox 1053 805 1083 849; x_wconf 90' lang='grc'><em>4</em></span> <span class='ocrx_word' id='word_1_80' title='bbox 1100 805 1300 850; x_wconf 84' lang='lat' dir='ltr'><strong><em>Annibal</em></strong></span> <span class='ocrx_word' id='word_1_81' title='bbox 1314 799 1478 864; x_wconf 72' lang='lat' dir='ltr'><em>&#39;frater</em></span> <span class='ocrx_word' id='word_1_82' title='bbox 1498 803 1721 848; x_wconf 84' lang='lat' dir='ltr'><strong><em>Annibale</em></strong></span> <span class='ocrx_word' id='word_1_83' title='bbox 1746 795 1769 867; x_wconf 96' lang='grc' dir='ltr'>Η</span> <span class='ocrx_word' id='word_1_84' title='bbox 1792 807 1820 851; x_wconf 87' lang='grc'>9</span> <span class='ocrx_word' id='word_1_85' title='bbox 1839 803 1930 862; x_wconf 73' lang='lat' dir='ltr'><em>Sy-</em></span> 
     </span>
    </p>
   </div>
   <div class='ocr_carea' id='block_1_8' title="bbox 34 854 1909 936">
    <p class='ocr_par' dir='ltr' id='par_1_8' title="bbox 34 854 1909 936">
     <span class='ocr_line' id='line_1_10' title="bbox 34 854 1909 936; baseline -0.003 -15"><span class='ocrx_word' id='word_1_86' title='bbox 34 854 39 858; x_wconf 31' lang='lat'><em>*</em></span> <span class='ocrx_word' id='word_1_87' title='bbox 101 875 259 934; x_wconf 80' lang='lat' dir='ltr'><em>phax]</em></span> <span class='ocrx_word' id='word_1_88' title='bbox 292 873 446 917; x_wconf 80' lang='lat' dir='ltr'><em>malim</em></span> <span class='ocrx_word' id='word_1_89' title='bbox 480 870 680 930; x_wconf 76' lang='lat' dir='ltr'><em>Syphax</em></span> <span class='ocrx_word' id='word_1_90' title='bbox 712 883 804 916; x_wconf 77' lang='lat' dir='ltr'><em>rex</em></span> <span class='ocrx_word' id='word_1_91' title='bbox 835 864 860 935; x_wconf 95' lang='grc' dir='ltr'>Η</span> <span class='ocrx_word' id='word_1_92' title='bbox 896 875 951 920; x_wconf 97' lang='grc'><em>13</em></span> <span class='ocrx_word' id='word_1_93' title='bbox 983 884 1123 929; x_wconf 66' lang='lat' dir='ltr'><em>regno</em></span> <span class='ocrx_word' id='word_1_94' title='bbox 1151 875 1216 919; x_wconf 93' lang='lat' dir='ltr'><em>E:</em></span> <span class='ocrx_word' id='word_1_95' title='bbox 1256 874 1467 932; x_wconf 74' lang='lat' dir='ltr'><em>reynavit</em></span> <span class='ocrx_word' id='word_1_96' title='bbox 1495 871 1552 927; x_wconf 91' lang='lat' dir='ltr'><em>C,</em></span> <span class='ocrx_word' id='word_1_97' title='bbox 1592 877 1638 915; x_wconf 85' lang='lat' dir='ltr'><em>ut</em></span> <span class='ocrx_word' id='word_1_98' title='bbox 1666 872 1851 916; x_wconf 82' lang='lat' dir='ltr'><em>videtur</em></span> <span class='ocrx_word' id='word_1_99' title='bbox 1887 865 1909 936; x_wconf 94' lang='grc' dir='ltr'>Η</span> 
     </span>
    </p>
   </div>
   <div class='ocr_carea' id='block_1_9' title="bbox 105 934 1932 1074">
    <p class='ocr_par' dir='ltr' id='par_1_9' title="bbox 105 934 1932 1074">
     <span class='ocr_line' id='line_1_11' title="bbox 110 934 1932 1006; baseline -0.002 -17"><span class='ocrx_word' id='word_1_100' title='bbox 110 947 167 993; x_wconf 89' lang='grc'>14</span> <span class='ocrx_word' id='word_1_101' title='bbox 182 942 402 999; x_wconf 87' lang='lat' dir='ltr'><em>scriptus]</em></span> <span class='ocrx_word' id='word_1_102' title='bbox 436 946 546 998; x_wconf 88' lang='lat' dir='ltr'><em>puto</em></span> <span class='ocrx_word' id='word_1_103' title='bbox 573 940 620 984; x_wconf 89' lang='lat' dir='ltr'><em>in</em></span> <span class='ocrx_word' id='word_1_104' title='bbox 641 941 796 985; x_wconf 87' lang='lat' dir='ltr'><em>mutilo</em></span> <span class='ocrx_word' id='word_1_105' title='bbox 819 954 920 998; x_wconf 79' lang='lat' dir='ltr'><em>cap.</em></span> <span class='ocrx_word' id='word_1_106' title='bbox 939 942 996 987; x_wconf 84' lang='lat'><em>39</em></span> <span class='ocrx_word' id='word_1_107' title='bbox 1025 936 1047 1006; x_wconf 94' lang='grc' dir='ltr'>Η</span> <span class='ocrx_word' id='word_1_108' title='bbox 1083 946 1141 990; x_wconf 85' lang='grc'>26</span> <span class='ocrx_word' id='word_1_109' title='bbox 1156 944 1281 1002; x_wconf 74' lang='lat' dir='ltr'><em>fiaeit]</em></span> <span class='ocrx_word' id='word_1_110' title='bbox 1305 956 1364 987; x_wconf 85' lang='lat' dir='ltr'><em>au</em></span> <span class='ocrx_word' id='word_1_111' title='bbox 1387 939 1532 1001; x_wconf 80' lang='lat' dir='ltr'><em>fecit?</em></span> <span class='ocrx_word' id='word_1_112' title='bbox 1566 934 1588 1005; x_wconf 95' lang='grc' dir='ltr'>Η</span> <span class='ocrx_word' id='word_1_113' title='bbox 1624 940 1790 986; x_wconf 81' lang='lat' dir='ltr'><em>Mettus</em></span> <span class='ocrx_word' id='word_1_114' title='bbox 1811 941 1932 999; x_wconf 84' lang='lat' dir='ltr'><em>Fuf-</em></span> 
     </span>
     <span class='ocr_line' id='line_1_12' title="bbox 105 1003 1932 1074; baseline -0.001 -19"><span class='ocrx_word' id='word_1_115' title='bbox 105 1013 245 1073; x_wconf 84' lang='lat' dir='ltr'><em>fetius</em></span> <span class='ocrx_word' id='word_1_116' title='bbox 266 1011 350 1055; x_wconf 88' lang='lat' dir='ltr'><em>W:</em></span> <span class='ocrx_word' id='word_1_117' title='bbox 383 1009 566 1055; x_wconf 85' lang='lat' dir='ltr'><em>Mettius</em></span> <span class='ocrx_word' id='word_1_118' title='bbox 586 1008 807 1067; x_wconf 84' lang='lat' dir='ltr'><em>Suffetius</em></span> <span class='ocrx_word' id='word_1_119' title='bbox 828 1008 898 1055; x_wconf 92' lang='lat' dir='ltr'><em>CE</em></span> <span class='ocrx_word' id='word_1_120' title='bbox 935 1003 957 1074; x_wconf 97' lang='grc' dir='ltr'>Η</span> <span class='ocrx_word' id='word_1_121' title='bbox 994 1015 1050 1060; x_wconf 91' lang='grc'>27</span> <span class='ocrx_word' id='word_1_122' title='bbox 1073 1013 1137 1057; x_wconf 89' lang='lat' dir='ltr'><em>ad</em></span> <span class='ocrx_word' id='word_1_123' title='bbox 1153 1013 1391 1059; x_wconf 79' lang='lat' dir='ltr'><em>Fidenatis</em></span> <span class='ocrx_word' id='word_1_124' title='bbox 1415 1011 1599 1056; x_wconf 85' lang='lat' dir='ltr'><em>descivit</em></span> <span class='ocrx_word' id='word_1_125' title='bbox 1614 1011 1677 1054; x_wconf 93' lang='lat' dir='ltr'>W</span> <span class='ocrx_word' id='word_1_126' title='bbox 1710 1009 1932 1054; x_wconf 85' lang='lat' dir='ltr'><em>emenda-</em></span> 
     </span>
    </p>
   </div>
   <div class='ocr_carea' id='block_1_10' title="bbox 31 1072 1993 1143">
    <p class='ocr_par' dir='ltr' id='par_1_10' title="bbox 31 1072 1993 1143">
     <span class='ocr_line' id='line_1_13' title="bbox 31 1072 1993 1143; baseline -0.005 -15"><span class='ocrx_word' id='word_1_127' title='bbox 31 1100 35 1101; x_wconf 43' lang='lat'><em>⁷</em></span> <span class='ocrx_word' id='word_1_128' title='bbox 111 1085 233 1128; x_wconf 83' lang='lat' dir='ltr'><em>tione</em></span> <span class='ocrx_word' id='word_1_129' title='bbox 266 1081 467 1124; x_wconf 84' lang='lat' dir='ltr'><em>ineerta:</em></span> <span class='ocrx_word' id='word_1_130' title='bbox 506 1079 570 1123; x_wconf 86' lang='lat' dir='ltr'><em>ad</em></span> <span class='ocrx_word' id='word_1_131' title='bbox 590 1079 806 1136; x_wconf 86' lang='lat' dir='ltr'><em>fidenatis</em></span> <span class='ocrx_word' id='word_1_132' title='bbox 836 1079 1056 1127; x_wconf 83' lang='lat' dir='ltr'><em>destitutis</em></span> <span class='ocrx_word' id='word_1_133' title='bbox 1077 1081 1136 1137; x_wconf 88' lang='lat' dir='ltr'><em>C;</em></span> <span class='ocrx_word' id='word_1_134' title='bbox 1176 1097 1206 1127; x_wconf 93' lang='lat' dir='ltr'><em>a</em></span> <span class='ocrx_word' id='word_1_135' title='bbox 1238 1081 1534 1127; x_wconf 81' lang='lat' dir='ltr'><em>Fidenatibus</em></span> <span class='ocrx_word' id='word_1_136' title='bbox 1560 1080 1797 1125; x_wconf 87' lang='lat' dir='ltr'><em>destitutus</em></span> <span class='ocrx_word' id='word_1_137' title='bbox 1826 1079 1862 1123; x_wconf 92' lang='lat' dir='ltr'>E</span> <span class='ocrx_word' id='word_1_138' title='bbox 1888 1072 1911 1143; x_wconf 92' lang='grc' dir='ltr'>Η</span> <span class='ocrx_word' id='word_1_139' title='bbox 1983 1115 1993 1119; x_wconf 77' lang='grc'><strong><em>,</em></strong></span> 
     </span>
    </p>
   </div>
   <div class='ocr_carea' id='block_1_11' title="bbox 112 1143 1934 1215">
    <p class='ocr_par' dir='ltr' id='par_1_11' title="bbox 112 1143 1934 1215">
     <span class='ocr_line' id='line_1_14' title="bbox 112 1143 1934 1215; baseline -0.005 -14"><span class='ocrx_word' id='word_1_140' title='bbox 112 1157 169 1201; x_wconf 91' lang='grc'>29</span> <span class='ocrx_word' id='word_1_141' title='bbox 195 1155 241 1197; x_wconf 80' lang='lat' dir='ltr'><em>in</em></span> <span class='ocrx_word' id='word_1_142' title='bbox 271 1149 452 1195; x_wconf 63' lang='lat' dir='ltr'><em>dibersa</em></span> <span class='ocrx_word' id='word_1_143' title='bbox 481 1149 544 1193; x_wconf 88' lang='lat' dir='ltr'><em>P:</em></span> <span class='ocrx_word' id='word_1_144' title='bbox 581 1150 629 1192; x_wconf 75' lang='lat'><em>2&#39;72</em></span> <span class='ocrx_word' id='word_1_145' title='bbox 661 1149 859 1195; x_wconf 74' lang='lat' dir='ltr'><em>adversa</em></span> <span class='ocrx_word' id='word_1_146' title='bbox 890 1148 924 1194; x_wconf 88' lang='lat' dir='ltr'>C</span> <span class='ocrx_word' id='word_1_147' title='bbox 956 1143 979 1215; x_wconf 98' lang='grc' dir='ltr'>Η</span> <span class='ocrx_word' id='word_1_148' title='bbox 1014 1155 1069 1199; x_wconf 86' lang='grc'><em>31</em></span> <span class='ocrx_word' id='word_1_149' title='bbox 1094 1151 1366 1211; x_wconf 78' lang='lat' dir='ltr'><em>Tarquinios</em></span> <span class='ocrx_word' id='word_1_150' title='bbox 1391 1146 1509 1207; x_wconf 83' lang='lat'><strong><em>***]</em></strong></span> <span class='ocrx_word' id='word_1_151' title='bbox 1541 1150 1758 1194; x_wconf 81' lang='lat' dir='ltr'><em>lacunam</em></span> <span class='ocrx_word' id='word_1_152' title='bbox 1791 1149 1934 1207; x_wconf 82' lang='lat' dir='ltr'><em>signi-</em></span> 
     </span>
    </p>
   </div>
   <div class='ocr_carea' id='block_1_12' title="bbox 25 1211 1877 1286">
    <p class='ocr_par' dir='ltr' id='par_1_12' title="bbox 25 1211 1877 1286">
     <span class='ocr_line' id='line_1_15' title="bbox 25 1211 1877 1286; baseline -0.002 -20"><span class='ocrx_word' id='word_1_153' title='bbox 25 1280 30 1286; x_wconf 27' lang='lat' dir='ltr'>s</span> <span class='ocrx_word' id='word_1_154' title='bbox 113 1221 252 1266; x_wconf 84' lang='lat' dir='ltr'><em>ficavi</em></span> <span class='ocrx_word' id='word_1_155' title='bbox 286 1214 307 1283; x_wconf 96' lang='grc' dir='ltr'>Η</span> <span class='ocrx_word' id='word_1_156' title='bbox 346 1224 403 1268; x_wconf 84' lang='grc'><em>32</em></span> <span class='ocrx_word' id='word_1_157' title='bbox 439 1217 665 1263; x_wconf 78' lang='lat' dir='ltr'><em>Tiridates</em></span> <span class='ocrx_word' id='word_1_158' title='bbox 815 1224 880 1263; x_wconf 88' lang='lat' dir='ltr'><em>est</em></span> <span class='ocrx_word' id='word_1_159' title='bbox 910 1220 1107 1265; x_wconf 79' lang='lat' dir='ltr'><em>sortasse</em></span> <span class='ocrx_word' id='word_1_160' title='bbox 1137 1234 1240 1278; x_wconf 81' lang='lat' dir='ltr'><em>cap.</em></span> <span class='ocrx_word' id='word_1_161' title='bbox 1261 1224 1317 1268; x_wconf 86' lang='lat'><em>31</em></span> <span class='ocrx_word' id='word_1_162' title='bbox 1349 1217 1677 1278; x_wconf 81' lang='lat' dir='ltr'><em>Subiungenda</em></span> <span class='ocrx_word' id='word_1_163' title='bbox 1706 1211 1877 1282; x_wconf 52' lang='lat' dir='ltr'><em>sunni}</em></span> 
     </span>
    </p>
   </div>
   <div class='ocr_carea' id='block_1_13' title="bbox 255 1286 1935 1350">
    <p class='ocr_par' dir='ltr' id='par_1_13' title="bbox 255 1286 1935 1350">
     <span class='ocr_line' id='line_1_16' title="bbox 255 1286 1935 1350; baseline -0.002 -15"><span class='ocrx_word' id='word_1_164' title='bbox 255 1286 338 1350; x_wconf 87' lang='grc'><em>27,</em></span> <span class='ocrx_word' id='word_1_165' title='bbox 360 1292 389 1335; x_wconf 88' lang='grc'><em>4</em></span> <span class='ocrx_word' id='word_1_166' title='bbox 410 1292 668 1345; x_wconf 80' lang='lat' dir='ltr'><em>susceptam</em></span> <span class='ocrx_word' id='word_1_167' title='bbox 687 1287 921 1333; x_wconf 83' lang='lat' dir='ltr'><em>Halmius:</em></span> <span class='ocrx_word' id='word_1_168' title='bbox 962 1290 1252 1348; x_wconf 86' lang='lat' dir='ltr'><em>subscuptam</em></span> <span class='ocrx_word' id='word_1_169' title='bbox 1275 1289 1334 1344; x_wconf 83' lang='lat' dir='ltr'><em>C3</em></span> <span class='ocrx_word' id='word_1_170' title='bbox 1372 1289 1458 1335; x_wconf 84' lang='lat' dir='ltr'><em>sibi</em></span> <span class='ocrx_word' id='word_1_171' title='bbox 1484 1293 1689 1346; x_wconf 87' lang='lat' dir='ltr'><em>ereptam</em></span> <span class='ocrx_word' id='word_1_172' title='bbox 1715 1288 1749 1332; x_wconf 87' lang='lat' dir='ltr'>F</span> <span class='ocrx_word' id='word_1_173' title='bbox 1767 1323 1778 1343; x_wconf 92' lang='lat'>,</span> <span class='ocrx_word' id='word_1_174' title='bbox 1809 1286 1935 1346; x_wconf 88' lang='lat' dir='ltr'><em>quod</em></span> 
     </span>
    </p>
   </div>
   <div class='ocr_carea' id='block_1_14' title="bbox 36 1349 1913 1421">
    <p class='ocr_par' dir='ltr' id='par_1_14' title="bbox 36 1349 1913 1421">
     <span class='ocr_line' id='line_1_17' title="bbox 36 1349 1913 1421; baseline -0.002 -17"><span class='ocrx_word' id='word_1_175' title='bbox 36 1384 39 1386; x_wconf 93' lang='lat'>·</span> <span class='ocrx_word' id='word_1_176' title='bbox 116 1359 441 1405; x_wconf 85' lang='lat' dir='ltr'><em>commendant</em></span> <span class='ocrx_word' id='word_1_177' title='bbox 475 1359 548 1412; x_wconf 87' lang='lat'><em>42,</em></span> <span class='ocrx_word' id='word_1_178' title='bbox 585 1360 611 1409; x_wconf 76' lang='lat' dir='ltr'>S</span> <span class='ocrx_word' id='word_1_179' title='bbox 643 1362 666 1403; x_wconf 92' lang='lat'>1</span> <span class='ocrx_word' id='word_1_180' title='bbox 709 1362 754 1401; x_wconf 86' lang='lat' dir='ltr'><em>et</em></span> <span class='ocrx_word' id='word_1_181' title='bbox 782 1357 899 1403; x_wconf 89' lang='lat' dir='ltr'><em>Aur.</em></span> <span class='ocrx_word' id='word_1_182' title='bbox 926 1358 1046 1406; x_wconf 85' lang='lat' dir='ltr'><em>Vict.</em></span> <span class='ocrx_word' id='word_1_183' title='bbox 1088 1359 1146 1404; x_wconf 83' lang='lat' dir='ltr'><em>de</em></span> <span class='ocrx_word' id='word_1_184' title='bbox 1182 1360 1242 1405; x_wconf 91' lang='lat' dir='ltr'><em>V.</em></span> <span class='ocrx_word' id='word_1_185' title='bbox 1273 1360 1343 1403; x_wconf 89' lang='lat' dir='ltr'><em>Ill.</em></span> <span class='ocrx_word' id='word_1_186' title='bbox 1373 1362 1455 1414; x_wconf 86' lang='lat'><em>67;</em></span> <span class='ocrx_word' id='word_1_187' title='bbox 1491 1358 1793 1415; x_wconf 81' lang='lat' dir='ltr'><em>subscriptam</em></span> <span class='ocrx_word' id='word_1_188' title='bbox 1827 1358 1864 1402; x_wconf 94' lang='lat' dir='ltr'><strong>E</strong></span> <span class='ocrx_word' id='word_1_189' title='bbox 1889 1349 1913 1421; x_wconf 95' lang='grc' dir='ltr'>Η</span> 
     </span>
    </p>
   </div>
   <div class='ocr_carea' id='block_1_15' title="bbox 115 1421 1935 1564">
    <p class='ocr_par' dir='ltr' id='par_1_15' title="bbox 115 1421 1935 1564">
     <span class='ocr_line' id='line_1_18' title="bbox 116 1421 1934 1490; baseline -0.002 -15"><span class='ocrx_word' id='word_1_190' title='bbox 116 1435 142 1476; x_wconf 85' lang='grc'><strong>5</strong></span> <span class='ocrx_word' id='word_1_191' title='bbox 175 1427 431 1488; x_wconf 81' lang='lat' dir='ltr'><em>transferri</em></span> <span class='ocrx_word' id='word_1_192' title='bbox 456 1427 517 1471; x_wconf 92' lang='lat' dir='ltr'><em>F:</em></span> <span class='ocrx_word' id='word_1_193' title='bbox 558 1426 823 1484; x_wconf 84' lang='lat' dir='ltr'><em>transferre</em></span> <span class='ocrx_word' id='word_1_194' title='bbox 854 1427 888 1473; x_wconf 91' lang='lat' dir='ltr'>C</span> <span class='ocrx_word' id='word_1_195' title='bbox 913 1421 934 1490; x_wconf 93' lang='grc' dir='ltr'>Η</span> <span class='ocrx_word' id='word_1_196' title='bbox 958 1429 1190 1484; x_wconf 86' lang='lat' dir='ltr'><em>noluisset]</em></span> <span class='ocrx_word' id='word_1_197' title='bbox 1222 1430 1435 1475; x_wconf 86' lang='lat' dir='ltr'><em>voluisset</em></span> <span class='ocrx_word' id='word_1_198' title='bbox 1452 1429 1511 1483; x_wconf 92' lang='lat' dir='ltr'><em>P;</em></span> <span class='ocrx_word' id='word_1_199' title='bbox 1553 1441 1582 1471; x_wconf 94' lang='lat' dir='ltr'><em>a</em></span> <span class='ocrx_word' id='word_1_200' title='bbox 1603 1425 1732 1472; x_wconf 90' lang='lat' dir='ltr'><em>Sulla</em></span> <span class='ocrx_word' id='word_1_201' title='bbox 1760 1429 1808 1471; x_wconf 90' lang='lat' dir='ltr'><em>in</em></span> <span class='ocrx_word' id='word_1_202' title='bbox 1824 1425 1934 1472; x_wconf 84' lang='lat' dir='ltr'><em>Ma·</em></span> 
     </span>
     <span class='ocr_line' id='line_1_19' title="bbox 115 1490 1935 1564; baseline -0.002 -21"><span class='ocrx_word' id='word_1_203' title='bbox 115 1500 235 1543; x_wconf 90' lang='lat' dir='ltr'><em>rium</em></span> <span class='ocrx_word' id='word_1_204' title='bbox 267 1496 530 1555; x_wconf 84' lang='lat' dir='ltr'><em>transferre</em></span> <span class='ocrx_word' id='word_1_205' title='bbox 557 1496 769 1540; x_wconf 84' lang='lat' dir='ltr'><em>voluisset</em></span> <span class='ocrx_word' id='word_1_206' title='bbox 801 1496 837 1540; x_wconf 92' lang='lat' dir='ltr'><strong>T</strong></span> <span class='ocrx_word' id='word_1_207' title='bbox 873 1491 895 1564; x_wconf 96' lang='grc' dir='ltr'>Η</span> <span class='ocrx_word' id='word_1_208' title='bbox 931 1503 959 1547; x_wconf 88' lang='grc'><strong>6</strong></span> <span class='ocrx_word' id='word_1_209' title='bbox 989 1503 1281 1557; x_wconf 73' lang='lat' dir='ltr'><em>expuynatae</em></span> <span class='ocrx_word' id='word_1_210' title='bbox 1315 1490 1338 1562; x_wconf 96' lang='grc' dir='ltr'>Η</span> <span class='ocrx_word' id='word_1_211' title='bbox 1370 1501 1399 1544; x_wconf 88' lang='grc'>8</span> <span class='ocrx_word' id='word_1_212' title='bbox 1426 1495 1683 1542; x_wconf 85' lang='lat' dir='ltr'><em>consulibus</em></span> <span class='ocrx_word' id='word_1_213' title='bbox 1715 1490 1737 1558; x_wconf 98' lang='grc' dir='ltr'>Η</span> <span class='ocrx_word' id='word_1_214' title='bbox 1779 1501 1835 1543; x_wconf 90' lang='grc'><em>10</em></span> <span class='ocrx_word' id='word_1_215' title='bbox 1863 1508 1935 1540; x_wconf 93' lang='lat' dir='ltr'><em>oc-</em></span> 
     </span>
    </p>
   </div>
   <div class='ocr_carea' id='block_1_16' title="bbox 32 1557 1934 1630">
    <p class='ocr_par' dir='ltr' id='par_1_16' title="bbox 32 1557 1934 1630">
     <span class='ocr_line' id='line_1_20' title="bbox 32 1557 1934 1630; baseline -0.002 -18"><span class='ocrx_word' id='word_1_216' title='bbox 32 1597 39 1606; x_wconf 77' lang='lat'><strong>·</strong></span> <span class='ocrx_word' id='word_1_217' title='bbox 115 1567 320 1625; x_wconf 86' lang='lat' dir='ltr'><em>cupandi</em></span> <span class='ocrx_word' id='word_1_218' title='bbox 337 1566 443 1624; x_wconf 83' lang='lat' dir='ltr'><em>fuit.</em></span> <span class='ocrx_word' id='word_1_219' title='bbox 467 1578 574 1608; x_wconf 90' lang='lat' dir='ltr'><em>nam</em></span> <span class='ocrx_word' id='word_1_220' title='bbox 599 1557 622 1629; x_wconf 96' lang='grc' dir='ltr'>Η</span> <span class='ocrx_word' id='word_1_221' title='bbox 647 1570 701 1612; x_wconf 92' lang='grc'><em>11</em></span> <span class='ocrx_word' id='word_1_222' title='bbox 722 1567 1031 1626; x_wconf 75' lang='lat' dir='ltr'><em>maiorumque</em></span> <span class='ocrx_word' id='word_1_223' title='bbox 1056 1561 1079 1630; x_wconf 95' lang='grc' dir='ltr'>Η</span> <span class='ocrx_word' id='word_1_224' title='bbox 1104 1573 1157 1615; x_wconf 93' lang='grc'><em>15</em></span> <span class='ocrx_word' id='word_1_225' title='bbox 1176 1566 1329 1612; x_wconf 74' lang='lat' dir='ltr'><em>habita</em></span> <span class='ocrx_word' id='word_1_226' title='bbox 1349 1567 1436 1611; x_wconf 89' lang='lat' dir='ltr'><em>W:</em></span> <span class='ocrx_word' id='word_1_227' title='bbox 1464 1567 1614 1623; x_wconf 88' lang='lat' dir='ltr'><em>posita</em></span> <span class='ocrx_word' id='word_1_228' title='bbox 1637 1563 1696 1620; x_wconf 92' lang='lat' dir='ltr'><em>C;</em></span> <span class='ocrx_word' id='word_1_229' title='bbox 1735 1566 1792 1609; x_wconf 77' lang='lat' dir='ltr'><em>cs.</em></span> <span class='ocrx_word' id='word_1_230' title='bbox 1812 1566 1934 1611; x_wconf 84' lang='lat' dir='ltr'><em>Flor.</em></span> 
     </span>
    </p>
   </div>
   <div class='ocr_carea' id='block_1_17' title="bbox 18 1776 38 2331">
    <p class='ocr_par' dir='ltr' id='par_1_17' title="bbox 18 1776 38 2331">
     <span class='ocr_line' id='line_1_21' title="bbox 18 1776 38 2331; textangle 90"><span class='ocrx_word' id='word_1_231' title='bbox 22 2281 35 2331; x_wconf 52' lang='lat' dir='ltr'><em>wsp-</em></span> <span class='ocrx_word' id='word_1_232' title='bbox 21 2124 35 2265; x_wconf 43' lang='grc' dir='ltr'><em>ρων--εςντ</em></span> <span class='ocrx_word' id='word_1_233' title='bbox 18 1854 38 2116; x_wconf 28' lang='grc' dir='ltr'><em>’-·Ας·1”·“-«·4πγ“ᾓς</em></span> <span class='ocrx_word' id='word_1_234' title='bbox 34 1776 37 1777; x_wconf 20' lang='grc' dir='ltr'><strong>Ἰ</strong></span> 
     </span>
    </p>
   </div>
   <div class='ocr_carea' id='block_1_18' title="bbox 36 1626 1936 1766">
    <p class='ocr_par' dir='ltr' id='par_1_18' title="bbox 36 1626 1936 1766">
     <span class='ocr_line' id='line_1_22' title="bbox 36 1626 1936 1701; baseline -0.003 -17"><span class='ocrx_word' id='word_1_235' title='bbox 36 1627 40 1630; x_wconf 43' lang='grc'><strong><em>’</em></strong></span> <span class='ocrx_word' id='word_1_236' title='bbox 114 1642 158 1691; x_wconf 89' lang='grc'><em>4,</em></span> <span class='ocrx_word' id='word_1_237' title='bbox 180 1634 223 1691; x_wconf 84' lang='grc'><em>2,</em></span> <span class='ocrx_word' id='word_1_238' title='bbox 248 1643 299 1684; x_wconf 82' lang='grc'><em>15</em></span> <span class='ocrx_word' id='word_1_239' title='bbox 324 1629 347 1701; x_wconf 95' lang='grc' dir='ltr'>Η</span> <span class='ocrx_word' id='word_1_240' title='bbox 372 1639 428 1683; x_wconf 91' lang='grc'><em>23</em></span> <span class='ocrx_word' id='word_1_241' title='bbox 447 1633 713 1693; x_wconf 81' lang='lat' dir='ltr'><em>inferenteis</em></span> <span class='ocrx_word' id='word_1_242' title='bbox 733 1636 770 1679; x_wconf 90' lang='lat' dir='ltr'><strong>E</strong></span> <span class='ocrx_word' id='word_1_243' title='bbox 795 1627 818 1699; x_wconf 96' lang='grc' dir='ltr'>Η</span> <span class='ocrx_word' id='word_1_244' title='bbox 850 1640 908 1684; x_wconf 88' lang='grc'>24</span> <span class='ocrx_word' id='word_1_245' title='bbox 932 1636 1048 1691; x_wconf 85' lang='lat' dir='ltr'><em>Quot</em></span> <span class='ocrx_word' id='word_1_246' title='bbox 1061 1649 1234 1695; x_wconf 72' lang='lat' dir='ltr'><em>qenera</em></span> <span class='ocrx_word' id='word_1_247' title='bbox 1252 1637 1469 1681; x_wconf 86' lang='lat' dir='ltr'><em>bellorum</em></span> <span class='ocrx_word' id='word_1_248' title='bbox 1489 1649 1579 1680; x_wconf 89' lang='lat' dir='ltr'><em>om.</em></span> <span class='ocrx_word' id='word_1_249' title='bbox 1603 1633 1635 1679; x_wconf 94' lang='lat' dir='ltr'>C</span> <span class='ocrx_word' id='word_1_250' title='bbox 1670 1626 1693 1698; x_wconf 95' lang='grc' dir='ltr'>Η</span> <span class='ocrx_word' id='word_1_251' title='bbox 1727 1637 1782 1681; x_wconf 87' lang='grc'><em>25</em></span> <span class='ocrx_word' id='word_1_252' title='bbox 1803 1639 1936 1694; x_wconf 82' lang='lat' dir='ltr'><em>quat-</em></span> 
     </span>
     <span class='ocr_line' id='line_1_23' title="bbox 38 1704 1936 1766; baseline -0.002 -15"><span class='ocrx_word' id='word_1_253' title='bbox 38 1731 49 1749; x_wconf 88' lang='lat'><em>·.</em></span> <span class='ocrx_word' id='word_1_254' title='bbox 115 1708 235 1762; x_wconf 88' lang='lat' dir='ltr'><em>tuor]</em></span> <span class='ocrx_word' id='word_1_255' title='bbox 270 1704 454 1750; x_wconf 79' lang='lat' dir='ltr'><em>Excidit</em></span> <span class='ocrx_word' id='word_1_256' title='bbox 482 1704 652 1748; x_wconf 77' lang='lat' dir='ltr'><em>bellum</em></span> <span class='ocrx_word' id='word_1_257' title='bbox 676 1706 867 1750; x_wconf 86' lang='lat' dir='ltr'><em>sociale.-</em></span> <span class='ocrx_word' id='word_1_258' title='bbox 905 1720 1010 1751; x_wconf 86' lang='lat' dir='ltr'><em>nam</em></span> <span class='ocrx_word' id='word_1_259' title='bbox 1035 1707 1358 1766; x_wconf 70' lang='lat' dir='ltr'><em>qladiatorium</em></span> <span class='ocrx_word' id='word_1_260' title='bbox 1386 1706 1466 1750; x_wconf 84' lang='lat' dir='ltr'><em>vix</em></span> <span class='ocrx_word' id='word_1_261' title='bbox 1498 1705 1615 1749; x_wconf 86' lang='lat' dir='ltr'><em>inter</em></span> <span class='ocrx_word' id='word_1_262' title='bbox 1637 1717 1814 1762; x_wconf 80' lang='lat' dir='ltr'><em>genera</em></span> <span class='ocrx_word' id='word_1_263' title='bbox 1841 1704 1936 1749; x_wconf 83' lang='lat' dir='ltr'><em>bel·</em></span> 
     </span>
    </p>
   </div>
   <div class='ocr_carea' id='block_1_19' title="bbox 109 1772 1937 2324">
    <p class='ocr_par' dir='ltr' id='par_1_19' title="bbox 115 1772 1935 1979">
     <span class='ocr_line' id='line_1_24' title="bbox 115 1772 1935 1829; baseline 0.001 -10"><span class='ocrx_word' id='word_1_264' title='bbox 115 1777 262 1820; x_wconf 80' lang='lat' dir='ltr'><em>lorum</em></span> <span class='ocrx_word' id='word_1_265' title='bbox 295 1772 659 1819; x_wconf 82' lang='lat' dir='ltr'><em>enumerandum</em></span> <span class='ocrx_word' id='word_1_266' title='bbox 689 1780 815 1829; x_wconf 86' lang='lat' dir='ltr'><em>erat,</em></span> <span class='ocrx_word' id='word_1_267' title='bbox 847 1780 891 1819; x_wconf 86' lang='lat' dir='ltr'><em>ct</em></span> <span class='ocrx_word' id='word_1_268' title='bbox 924 1777 1252 1821; x_wconf 76' lang='lat' dir='ltr'><em>commiscetur</em></span> <span class='ocrx_word' id='word_1_269' title='bbox 1289 1789 1393 1821; x_wconf 89' lang='lat' dir='ltr'><em>cum</em></span> <span class='ocrx_word' id='word_1_270' title='bbox 1425 1775 1584 1820; x_wconf 86' lang='lat' dir='ltr'><em>servili</em></span> <span class='ocrx_word' id='word_1_271' title='bbox 1622 1774 1759 1818; x_wconf 85' lang='lat' dir='ltr'><em>etiam</em></span> <span class='ocrx_word' id='word_1_272' title='bbox 1803 1787 1842 1820; x_wconf 91' lang='lat' dir='ltr'><em>c.</em></span> <span class='ocrx_word' id='word_1_273' title='bbox 1862 1776 1935 1828; x_wconf 86' lang='lat'><em>45,</em></span> 
     </span>
     <span class='ocr_line' id='line_1_25' title="bbox 116 1837 1911 1909; baseline -0.003 -17"><span class='ocrx_word' id='word_1_274' title='bbox 116 1850 142 1899; x_wconf 69' lang='lat'><strong>5</strong></span> <span class='ocrx_word' id='word_1_275' title='bbox 162 1849 190 1892; x_wconf 88' lang='lat'><strong>3</strong></span> <span class='ocrx_word' id='word_1_276' title='bbox 228 1837 252 1909; x_wconf 90' lang='grc' dir='ltr'>Η</span> <span class='ocrx_word' id='word_1_277' title='bbox 283 1848 341 1892; x_wconf 90' lang='grc'>28</span> <span class='ocrx_word' id='word_1_278' title='bbox 361 1849 402 1888; x_wconf 88' lang='lat' dir='ltr'><em>et</em></span> <span class='ocrx_word' id='word_1_279' title='bbox 420 1856 510 1887; x_wconf 83' lang='lat' dir='ltr'><em>om.</em></span> <span class='ocrx_word' id='word_1_280' title='bbox 536 1842 569 1888; x_wconf 85' lang='lat' dir='ltr'>C</span> <span class='ocrx_word' id='word_1_281' title='bbox 592 1837 612 1906; x_wconf 91' lang='grc' dir='ltr'>Η</span> <span class='ocrx_word' id='word_1_282' title='bbox 648 1846 705 1891; x_wconf 92' lang='grc'>29</span> <span class='ocrx_word' id='word_1_283' title='bbox 723 1844 844 1903; x_wconf 83' lang='lat' dir='ltr'><em>quod</em></span> <span class='ocrx_word' id='word_1_284' title='bbox 865 1838 888 1908; x_wconf 97' lang='grc' dir='ltr'>Η</span> <span class='ocrx_word' id='word_1_285' title='bbox 912 1849 971 1893; x_wconf 88' lang='grc'><em>30</em></span> <span class='ocrx_word' id='word_1_286' title='bbox 989 1846 1106 1891; x_wconf 82' lang='lat' dir='ltr'><em>cives</em></span> <span class='ocrx_word' id='word_1_287' title='bbox 1123 1851 1172 1891; x_wconf 90' lang='lat' dir='ltr'><em>ut</em></span> <span class='ocrx_word' id='word_1_288' title='bbox 1188 1847 1278 1890; x_wconf 88' lang='lat' dir='ltr'><em>W:</em></span> <span class='ocrx_word' id='word_1_289' title='bbox 1314 1847 1430 1890; x_wconf 87' lang='lat' dir='ltr'><em>sicut</em></span> <span class='ocrx_word' id='word_1_290' title='bbox 1451 1843 1510 1900; x_wconf 89' lang='lat' dir='ltr'><em>C;</em></span> <span class='ocrx_word' id='word_1_291' title='bbox 1548 1845 1667 1891; x_wconf 84' lang='lat' dir='ltr'><em>cives</em></span> <span class='ocrx_word' id='word_1_292' title='bbox 1694 1845 1810 1887; x_wconf 90' lang='lat' dir='ltr'><em>sicut</em></span> <span class='ocrx_word' id='word_1_293' title='bbox 1828 1843 1864 1887; x_wconf 92' lang='lat' dir='ltr'>D</span> <span class='ocrx_word' id='word_1_294' title='bbox 1889 1838 1911 1904; x_wconf 86' lang='grc' dir='ltr'>Η</span> 
     </span>
     <span class='ocr_line' id='line_1_26' title="bbox 116 1907 1361 1979; baseline 0.004 -21"><span class='ocrx_word' id='word_1_295' title='bbox 116 1918 174 1962; x_wconf 83' lang='grc'><em>33</em></span> <span class='ocrx_word' id='word_1_296' title='bbox 198 1913 403 1967; x_wconf 70' lang='lat' dir='ltr'><em>lionoris]</em></span> <span class='ocrx_word' id='word_1_297' title='bbox 426 1913 582 1956; x_wconf 86' lang='lat' dir='ltr'><em>malim</em></span> <span class='ocrx_word' id='word_1_298' title='bbox 600 1913 822 1958; x_wconf 78' lang='lat' dir='ltr'><em>honorum</em></span> <span class='ocrx_word' id='word_1_299' title='bbox 842 1928 945 1958; x_wconf 90' lang='lat' dir='ltr'><em>cum</em></span> <span class='ocrx_word' id='word_1_300' title='bbox 966 1915 1100 1959; x_wconf 86' lang='lat' dir='ltr'><em>Floro</em></span> <span class='ocrx_word' id='word_1_301' title='bbox 1126 1920 1169 1970; x_wconf 82' lang='grc'><em>3,</em></span> <span class='ocrx_word' id='word_1_302' title='bbox 1192 1920 1263 1968; x_wconf 85' lang='grc'><em>21,</em></span> <span class='ocrx_word' id='word_1_303' title='bbox 1287 1919 1315 1963; x_wconf 88' lang='grc'><strong>6</strong></span> <span class='ocrx_word' id='word_1_304' title='bbox 1338 1907 1361 1979; x_wconf 97' lang='grc' dir='ltr'>Η</span> 
     </span>
    </p>

    <p class='ocr_par' dir='ltr' id='par_1_20' title="bbox 109 1975 1937 2324">
     <span class='ocr_line' id='line_1_27' title="bbox 257 1975 1916 2048; baseline -0.001 -21"><span class='ocrx_word' id='word_1_305' title='bbox 257 1976 338 2041; x_wconf 85' lang='lat'><em>28,</em></span> <span class='ocrx_word' id='word_1_306' title='bbox 378 1986 406 2028; x_wconf 88' lang='lat'>4</span> <span class='ocrx_word' id='word_1_307' title='bbox 434 1983 582 2046; x_wconf 38' lang='lat' dir='ltr'><em>exul]x</em></span> <span class='ocrx_word' id='word_1_308' title='bbox 609 1984 745 2027; x_wconf 88' lang='lat' dir='ltr'><em>immo</em></span> <span class='ocrx_word' id='word_1_309' title='bbox 787 1994 850 2028; x_wconf 81' lang='lat' dir='ltr'><em>ex</em></span> <span class='ocrx_word' id='word_1_310' title='bbox 877 1983 989 2028; x_wconf 88' lang='lat' dir='ltr'><em>urbe</em></span> <span class='ocrx_word' id='word_1_311' title='bbox 1022 1977 1044 2048; x_wconf 96' lang='grc' dir='ltr'>Η</span> <span class='ocrx_word' id='word_1_312' title='bbox 1079 1987 1107 2032; x_wconf 87' lang='grc'><strong>6</strong></span> <span class='ocrx_word' id='word_1_313' title='bbox 1135 1986 1348 2030; x_wconf 84' lang='lat' dir='ltr'><em>evasisset</em></span> <span class='ocrx_word' id='word_1_314' title='bbox 1374 1990 1416 2028; x_wconf 88' lang='lat' dir='ltr'><em>et</em></span> <span class='ocrx_word' id='word_1_315' title='bbox 1442 1986 1620 2029; x_wconf 83' lang='lat' dir='ltr'><em>interim</em></span> <span class='ocrx_word' id='word_1_316' title='bbox 1644 1983 1852 2027; x_wconf 79' lang='lat' dir='ltr'><em>Halmius</em></span> <span class='ocrx_word' id='word_1_317' title='bbox 1892 1975 1916 2046; x_wconf 92' lang='grc' dir='ltr'>Η</span> 
     </span>
     <span class='ocr_line' id='line_1_28' title="bbox 117 2045 1932 2118; baseline -0.002 -19"><span class='ocrx_word' id='word_1_318' title='bbox 117 2056 140 2099; x_wconf 87' lang='grc'>7</span> <span class='ocrx_word' id='word_1_319' title='bbox 162 2052 274 2097; x_wconf 86' lang='lat' dir='ltr'><em>urbe</em></span> <span class='ocrx_word' id='word_1_320' title='bbox 290 2053 410 2096; x_wconf 88' lang='lat' dir='ltr'><em>inter</em></span> <span class='ocrx_word' id='word_1_321' title='bbox 429 2051 481 2095; x_wconf 76' lang='lat' dir='ltr'><em>ob</em></span> <span class='ocrx_word' id='word_1_322' title='bbox 499 2051 588 2095; x_wconf 76' lang='lat' dir='ltr'><em>hac</em></span> <span class='ocrx_word' id='word_1_323' title='bbox 610 2051 665 2096; x_wconf 90' lang='lat' dir='ltr'><em>C:</em></span> <span class='ocrx_word' id='word_1_324' title='bbox 704 2051 817 2096; x_wconf 85' lang='lat' dir='ltr'><em>urbe</em></span> <span class='ocrx_word' id='word_1_325' title='bbox 837 2058 985 2097; x_wconf 84' lang='lat' dir='ltr'><em>essent</em></span> <span class='ocrx_word' id='word_1_326' title='bbox 1003 2054 1055 2098; x_wconf 85' lang='lat' dir='ltr'><em>ob</em></span> <span class='ocrx_word' id='word_1_327' title='bbox 1074 2053 1160 2098; x_wconf 77' lang='lat' dir='ltr'><em>hoc</em></span> <span class='ocrx_word' id='word_1_328' title='bbox 1178 2054 1214 2098; x_wconf 92' lang='lat' dir='ltr'>E</span> <span class='ocrx_word' id='word_1_329' title='bbox 1239 2047 1260 2118; x_wconf 95' lang='grc' dir='ltr'>Η</span> <span class='ocrx_word' id='word_1_330' title='bbox 1286 2054 1421 2099; x_wconf 85' lang='lat' dir='ltr'><em>rediit</em></span> <span class='ocrx_word' id='word_1_331' title='bbox 1435 2054 1523 2098; x_wconf 92' lang='lat' dir='ltr'><em>W:</em></span> <span class='ocrx_word' id='word_1_332' title='bbox 1563 2053 1682 2098; x_wconf 85' lang='lat' dir='ltr'><em>redit</em></span> <span class='ocrx_word' id='word_1_333' title='bbox 1701 2051 1734 2096; x_wconf 84' lang='lat' dir='ltr'>C</span> <span class='ocrx_word' id='word_1_334' title='bbox 1759 2045 1781 2116; x_wconf 95' lang='grc' dir='ltr'>Η</span> <span class='ocrx_word' id='word_1_335' title='bbox 1815 2055 1844 2098; x_wconf 89' lang='grc'>8</span> <span class='ocrx_word' id='word_1_336' title='bbox 1867 2063 1932 2096; x_wconf 90' lang='lat' dir='ltr'><em>se·</em></span> 
     </span>
     <span class='ocr_line' id='line_1_29' title="bbox 115 2116 1937 2187; baseline 0 -22"><span class='ocrx_word' id='word_1_337' title='bbox 115 2136 215 2167; x_wconf 88' lang='lat' dir='ltr'><em>cum</em></span> <span class='ocrx_word' id='word_1_338' title='bbox 227 2121 414 2168; x_wconf 86' lang='lat' dir='ltr'><em>Cinnam</em></span> <span class='ocrx_word' id='word_1_339' title='bbox 430 2120 626 2165; x_wconf 75' lang='lat' dir='ltr'><em>adduxit</em></span> <span class='ocrx_word' id='word_1_340' title='bbox 641 2120 672 2165; x_wconf 91' lang='lat' dir='ltr'>C</span> <span class='ocrx_word' id='word_1_341' title='bbox 690 2132 700 2164; x_wconf 77' lang='lat' dir='ltr'><em>z</em></span> <span class='ocrx_word' id='word_1_342' title='bbox 721 2133 771 2166; x_wconf 90' lang='lat' dir='ltr'><em>se</em></span> <span class='ocrx_word' id='word_1_343' title='bbox 790 2135 891 2167; x_wconf 89' lang='lat' dir='ltr'><em>cum</em></span> <span class='ocrx_word' id='word_1_344' title='bbox 906 2122 1049 2168; x_wconf 86' lang='lat' dir='ltr'><em>Cinna</em></span> <span class='ocrx_word' id='word_1_345' title='bbox 1071 2122 1284 2167; x_wconf 75' lang='lat' dir='ltr'><em>adiunxit</em></span> <span class='ocrx_word' id='word_1_346' title='bbox 1299 2123 1335 2166; x_wconf 92' lang='lat' dir='ltr'>E</span> <span class='ocrx_word' id='word_1_347' title='bbox 1362 2116 1385 2187; x_wconf 96' lang='grc' dir='ltr'>Η</span> <span class='ocrx_word' id='word_1_348' title='bbox 1408 2126 1436 2170; x_wconf 88' lang='grc'>9</span> <span class='ocrx_word' id='word_1_349' title='bbox 1453 2125 1688 2180; x_wconf 86' lang='lat' dir='ltr'><em>septimum</em></span> <span class='ocrx_word' id='word_1_350' title='bbox 1699 2121 1907 2166; x_wconf 85' lang='lat' dir='ltr'><em>Halmius</em></span> <span class='ocrx_word' id='word_1_351' title='bbox 1926 2132 1937 2165; x_wconf 70' lang='grc' dir='ltr'>ε</span> 
     </span>
     <span class='ocr_line' id='line_1_30' title="bbox 113 2184 1936 2256; baseline -0.001 -21"><span class='ocrx_word' id='word_1_352' title='bbox 113 2193 277 2248; x_wconf 82' lang='lat' dir='ltr'><em>septies</em></span> <span class='ocrx_word' id='word_1_353' title='bbox 297 2189 367 2235; x_wconf 75' lang='grc' dir='ltr'><em>ΟΕ</em></span> <span class='ocrx_word' id='word_1_354' title='bbox 412 2189 434 2254; x_wconf 93' lang='grc' dir='ltr'>Η</span> <span class='ocrx_word' id='word_1_355' title='bbox 479 2196 531 2238; x_wconf 88' lang='grc'><em>11</em></span> <span class='ocrx_word' id='word_1_356' title='bbox 551 2190 707 2236; x_wconf 86' lang='lat' dir='ltr'><em>Asiam</em></span> <span class='ocrx_word' id='word_1_357' title='bbox 740 2184 763 2255; x_wconf 93' lang='grc' dir='ltr'>Η</span> <span class='ocrx_word' id='word_1_358' title='bbox 800 2196 853 2238; x_wconf 84' lang='lat'><em>15</em></span> <span class='ocrx_word' id='word_1_359' title='bbox 883 2203 932 2236; x_wconf 94' lang='lat' dir='ltr'><em>se</em></span> <span class='ocrx_word' id='word_1_360' title='bbox 963 2192 1187 2237; x_wconf 89' lang='lat' dir='ltr'><em>dederant</em></span> <span class='ocrx_word' id='word_1_361' title='bbox 1224 2185 1245 2256; x_wconf 95' lang='grc' dir='ltr'>Η</span> <span class='ocrx_word' id='word_1_362' title='bbox 1290 2197 1345 2241; x_wconf 89' lang='grc'><em>16</em></span> <span class='ocrx_word' id='word_1_363' title='bbox 1364 2194 1607 2251; x_wconf 79' lang='lat' dir='ltr'><em>proposuit</em></span> <span class='ocrx_word' id='word_1_364' title='bbox 1638 2191 1693 2237; x_wconf 93' lang='grc' dir='ltr'><em>Ο.</em></span> <span class='ocrx_word' id='word_1_365' title='bbox 1723 2190 1936 2235; x_wconf 83' lang='lat' dir='ltr'><em>Iahnius:</em></span> 
     </span>
     <span class='ocr_line' id='line_1_31' title="bbox 109 2253 1936 2324; baseline 0 -21"><span class='ocrx_word' id='word_1_366' title='bbox 109 2262 398 2317; x_wconf 87' lang='lat' dir='ltr'><em>properersit</em></span> <span class='ocrx_word' id='word_1_367' title='bbox 417 2260 477 2314; x_wconf 74' lang='lat' dir='ltr'><em>C;</em></span> <span class='ocrx_word' id='word_1_368' title='bbox 500 2262 778 2318; x_wconf 90' lang='lat' dir='ltr'><em>proscripsit</em></span> <span class='ocrx_word' id='word_1_369' title='bbox 796 2260 832 2304; x_wconf 93' lang='lat' dir='ltr'>E</span> <span class='ocrx_word' id='word_1_370' title='bbox 858 2253 880 2324; x_wconf 97' lang='grc' dir='ltr'>Η</span> <span class='ocrx_word' id='word_1_371' title='bbox 915 2266 973 2309; x_wconf 85' lang='grc'>20</span> <span class='ocrx_word' id='word_1_372' title='bbox 991 2263 1037 2306; x_wconf 91' lang='lat' dir='ltr'><em>in</em></span> <span class='ocrx_word' id='word_1_373' title='bbox 1057 2276 1148 2320; x_wconf 79' lang='lat' dir='ltr'><em>qua</em></span> <span class='ocrx_word' id='word_1_374' title='bbox 1177 2264 1388 2307; x_wconf 86' lang='lat' dir='ltr'><em>societate</em></span> <span class='ocrx_word' id='word_1_375' title='bbox 1410 2261 1467 2307; x_wconf 87' lang='lat' dir='ltr'><em>C:</em></span> <span class='ocrx_word' id='word_1_376' title='bbox 1510 2262 1613 2306; x_wconf 85' lang='lat' dir='ltr'><em>fort.</em></span> <span class='ocrx_word' id='word_1_377' title='bbox 1638 2261 1778 2319; x_wconf 86' lang='lat' dir='ltr'><em>igitur</em></span> <span class='ocrx_word' id='word_1_378' title='bbox 1799 2260 1936 2304; x_wconf 87' lang='lat' dir='ltr'><em>scrib.</em></span> 
     </span>
    </p>
   </div>
   <div class='ocr_carea' id='block_1_20' title="bbox 114 2324 1938 2396">
    <p class='ocr_par' dir='ltr' id='par_1_21' title="bbox 23 2324 1938 2396">
     <span class='ocr_line' id='line_1_32' title="bbox 114 2324 1938 2396; baseline 0 -24"><span class='ocrx_word' id='word_1_379' title='bbox 114 2332 266 2373; x_wconf 85' lang='lat' dir='ltr'><em>iuncta</em></span> <span class='ocrx_word' id='word_1_380' title='bbox 294 2330 526 2383; x_wconf 89' lang='lat' dir='ltr'><em>societate,</em></span> <span class='ocrx_word' id='word_1_381' title='bbox 563 2335 610 2373; x_wconf 84' lang='lat' dir='ltr'><em>ut</em></span> <span class='ocrx_word' id='word_1_382' title='bbox 638 2332 684 2373; x_wconf 87' lang='lat' dir='ltr'><em>in</em></span> <span class='ocrx_word' id='word_1_383' title='bbox 705 2330 802 2376; x_wconf 84' lang='lat' dir='ltr'><em>Liv.</em></span> <span class='ocrx_word' id='word_1_384' title='bbox 832 2343 930 2388; x_wconf 84' lang='lat' dir='ltr'><em>per.</em></span> <span class='ocrx_word' id='word_1_385' title='bbox 950 2334 1006 2379; x_wconf 83' lang='lat'><em>35</em></span> <span class='ocrx_word' id='word_1_386' title='bbox 1040 2324 1063 2396; x_wconf 96' lang='grc' dir='ltr'>Η</span> <span class='ocrx_word' id='word_1_387' title='bbox 1095 2334 1153 2379; x_wconf 88' lang='grc'><em>24</em></span> <span class='ocrx_word' id='word_1_388' title='bbox 1170 2332 1299 2390; x_wconf 90' lang='lat' dir='ltr'><em>apud</em></span> <span class='ocrx_word' id='word_1_389' title='bbox 1316 2331 1516 2377; x_wconf 77' lang='lat' dir='ltr'><em>Parthos</em></span> <span class='ocrx_word' id='word_1_390' title='bbox 1535 2325 1657 2387; x_wconf 79' lang='lat'>***]</span> <span class='ocrx_word' id='word_1_391' title='bbox 1693 2330 1836 2374; x_wconf 87' lang='lat' dir='ltr'><em>Multa</em></span> <span class='ocrx_word' id='word_1_392' title='bbox 1864 2328 1938 2374; x_wconf 85' lang='lat' dir='ltr'><em>hic</em></span> 
     </span>
    </p>
   </div>
   <div class='ocr_carea' id='block_1_21' title="bbox 23 2397 33 2456">
    <p class='ocr_par' dir='ltr' id='par_1_22' title="bbox 23 2397 33 2456">
     <span class='ocr_line' id='line_1_33' title="bbox 23 2397 33 2456; baseline 0 -13"><span class='ocrx_word' id='word_1_393' title='bbox 23 2397 33 2456; x_wconf 46' lang='grc' dir='ltr'><em>ῖς</em></span> 
     </span>
    </p>
   </div>
   <div class='ocr_carea' id='block_1_22' title="bbox 118 2398 1941 2459">
    <p class='ocr_par' dir='ltr' id='par_1_23' title="bbox 118 2398 1941 2459">
     <span class='ocr_line' id='line_1_34' title="bbox 118 2398 1941 2459; baseline 0 -17"><span class='ocrx_word' id='word_1_394' title='bbox 118 2398 375 2442; x_wconf 78' lang='lat' dir='ltr'><em>desiderari</em></span> <span class='ocrx_word' id='word_1_395' title='bbox 396 2402 619 2443; x_wconf 78' lang='lat' dir='ltr'><em>testantur</em></span> <span class='ocrx_word' id='word_1_396' title='bbox 640 2405 682 2443; x_wconf 85' lang='lat' dir='ltr'><em>et</em></span> <span class='ocrx_word' id='word_1_397' title='bbox 709 2401 866 2444; x_wconf 86' lang='lat' dir='ltr'><em>titulus</em></span> <span class='ocrx_word' id='word_1_398' title='bbox 885 2401 1022 2446; x_wconf 89' lang='lat' dir='ltr'><em>huius</em></span> <span class='ocrx_word' id='word_1_399' title='bbox 1044 2402 1208 2459; x_wconf 86' lang='lat' dir='ltr'><em>capitis</em></span> <span class='ocrx_word' id='word_1_400' title='bbox 1229 2407 1273 2445; x_wconf 85' lang='lat' dir='ltr'><em>et</em></span> <span class='ocrx_word' id='word_1_401' title='bbox 1293 2402 1407 2447; x_wconf 86' lang='lat' dir='ltr'><em>Aur.</em></span> <span class='ocrx_word' id='word_1_402' title='bbox 1429 2401 1552 2445; x_wconf 86' lang='lat' dir='ltr'><em>Vict.</em></span> <span class='ocrx_word' id='word_1_403' title='bbox 1576 2400 1633 2445; x_wconf 88' lang='lat' dir='ltr'><em>dc</em></span> <span class='ocrx_word' id='word_1_404' title='bbox 1658 2400 1712 2442; x_wconf 92' lang='lat' dir='ltr'><em>V.</em></span> <span class='ocrx_word' id='word_1_405' title='bbox 1732 2399 1797 2445; x_wconf 89' lang='lat' dir='ltr'><em>lll.</em></span> <span class='ocrx_word' id='word_1_406' title='bbox 1820 2401 1874 2446; x_wconf 85' lang='lat'><em>77</em></span> <span class='ocrx_word' id='word_1_407' title='bbox 1898 2405 1941 2443; x_wconf 84' lang='lat' dir='ltr'><em>et</em></span> 
     </span>
    </p>
   </div>
   <div class='ocr_carea' id='block_1_23' title="bbox 25 2457 1938 2672">
    <p class='ocr_par' dir='ltr' id='par_1_24' title="bbox 25 2457 1938 2672">
     <span class='ocr_line' id='line_1_35' title="bbox 25 2457 1938 2531; baseline 0 -19"><span class='ocrx_word' id='word_1_408' title='bbox 25 2457 31 2507; x_wconf 64' lang='grc' dir='ltr'><em>ἶ</em></span> <span class='ocrx_word' id='word_1_409' title='bbox 114 2468 236 2514; x_wconf 81' lang='lat' dir='ltr'><em>Flor.</em></span> <span class='ocrx_word' id='word_1_410' title='bbox 257 2471 298 2521; x_wconf 91' lang='grc'>4,</span> <span class='ocrx_word' id='word_1_411' title='bbox 320 2472 362 2521; x_wconf 90' lang='grc'><em>2,</em></span> <span class='ocrx_word' id='word_1_412' title='bbox 386 2471 439 2514; x_wconf 88' lang='grc'><em>13</em></span> <span class='ocrx_word' id='word_1_413' title='bbox 463 2460 485 2531; x_wconf 96' lang='grc' dir='ltr'>Η</span> <span class='ocrx_word' id='word_1_414' title='bbox 511 2471 565 2514; x_wconf 82' lang='grc'><em>25</em></span> <span class='ocrx_word' id='word_1_415' title='bbox 585 2468 747 2515; x_wconf 85' lang='lat' dir='ltr'><em>Musas</em></span> <span class='ocrx_word' id='word_1_416' title='bbox 776 2470 980 2525; x_wconf 89' lang='lat' dir='ltr'><em>(emusus</em></span> <span class='ocrx_word' id='word_1_417' title='bbox 1002 2469 1056 2525; x_wconf 83' lang='lat' dir='ltr'><em>C)</em></span> <span class='ocrx_word' id='word_1_418' title='bbox 1097 2502 1108 2514; x_wconf 87' lang='lat'>.</span> <span class='ocrx_word' id='word_1_419' title='bbox 1125 2502 1135 2514; x_wconf 91' lang='lat'><strong>.</strong></span> <span class='ocrx_word' id='word_1_420' title='bbox 1151 2504 1161 2514; x_wconf 95' lang='lat'><strong>.</strong></span> <span class='ocrx_word' id='word_1_421' title='bbox 1179 2503 1189 2514; x_wconf 94' lang='lat'><strong>.</strong></span> <span class='ocrx_word' id='word_1_422' title='bbox 1230 2471 1416 2518; x_wconf 86' lang='lat' dir='ltr'><em>Catulus</em></span> <span class='ocrx_word' id='word_1_423' title='bbox 1446 2470 1507 2516; x_wconf 82' lang='lat' dir='ltr'><em>ad</em></span> <span class='ocrx_word' id='word_1_424' title='bbox 1537 2469 1664 2515; x_wconf 85' lang='lat' dir='ltr'><em>aliud</em></span> <span class='ocrx_word' id='word_1_425' title='bbox 1702 2468 1938 2526; x_wconf 83' lang='lat' dir='ltr'><em>quoddam</em></span> 
     </span>
     <span class='ocr_line' id='line_1_36' title="bbox 25 2532 1936 2604; baseline 0.001 -22"><span class='ocrx_word' id='word_1_426' title='bbox 25 2546 27 2551; x_wconf 69' lang='lat'>²</span> <span class='ocrx_word' id='word_1_427' title='bbox 117 2543 256 2594; x_wconf 80' lang='lat' dir='ltr'><em>caput</em></span> <span class='ocrx_word' id='word_1_428' title='bbox 289 2537 441 2581; x_wconf 86' lang='lat' dir='ltr'><em>simile</em></span> <span class='ocrx_word' id='word_1_429' title='bbox 473 2538 613 2594; x_wconf 83' lang='lat' dir='ltr'><em>capiti</em></span> <span class='ocrx_word' id='word_1_430' title='bbox 641 2543 698 2586; x_wconf 84' lang='grc'><em>23</em></span> <span class='ocrx_word' id='word_1_431' title='bbox 726 2540 958 2596; x_wconf 82' lang='lat' dir='ltr'><em>pertinere</em></span> <span class='ocrx_word' id='word_1_432' title='bbox 987 2540 1219 2584; x_wconf 83' lang='lat' dir='ltr'><em>videntur.</em></span> <span class='ocrx_word' id='word_1_433' title='bbox 1257 2533 1279 2604; x_wconf 97' lang='grc' dir='ltr'>Η</span> <span class='ocrx_word' id='word_1_434' title='bbox 1313 2543 1369 2588; x_wconf 90' lang='grc'>29</span> <span class='ocrx_word' id='word_1_435' title='bbox 1394 2542 1623 2586; x_wconf 88' lang='lat' dir='ltr'><em>Flaminio</em></span> <span class='ocrx_word' id='word_1_436' title='bbox 1654 2540 1690 2583; x_wconf 91' lang='lat' dir='ltr'>E</span> <span class='ocrx_word' id='word_1_437' title='bbox 1725 2532 1747 2603; x_wconf 97' lang='grc' dir='ltr'>Η</span> <span class='ocrx_word' id='word_1_438' title='bbox 1782 2542 1839 2586; x_wconf 84' lang='grc'><em>33</em></span> <span class='ocrx_word' id='word_1_439' title='bbox 1857 2552 1936 2583; x_wconf 90' lang='lat' dir='ltr'><em>ru-</em></span> 
     </span>
     <span class='ocr_line' id='line_1_37' title="bbox 25 2600 1737 2672; baseline 0.001 -22"><span class='ocrx_word' id='word_1_440' title='bbox 25 2653 34 2667; x_wconf 33' lang='grc' dir='ltr'><strong><em>ι</em></strong></span> <span class='ocrx_word' id='word_1_441' title='bbox 111 2607 251 2663; x_wconf 87' lang='lat' dir='ltr'><em>perit]</em></span> <span class='ocrx_word' id='word_1_442' title='bbox 280 2607 406 2663; x_wconf 88' lang='lat' dir='ltr'><em>rupit</em></span> <span class='ocrx_word' id='word_1_443' title='bbox 425 2606 460 2650; x_wconf 90' lang='lat' dir='ltr'>T</span> <span class='ocrx_word' id='word_1_444' title='bbox 487 2600 509 2670; x_wconf 95' lang='grc' dir='ltr'>Η</span> <span class='ocrx_word' id='word_1_445' title='bbox 534 2610 592 2654; x_wconf 84' lang='grc'>34</span> <span class='ocrx_word' id='word_1_446' title='bbox 615 2609 742 2652; x_wconf 87' lang='lat' dir='ltr'><em>tertio</em></span> <span class='ocrx_word' id='word_1_447' title='bbox 766 2601 789 2672; x_wconf 96' lang='grc' dir='ltr'>Η</span> <span class='ocrx_word' id='word_1_448' title='bbox 1730 2622 1737 2625; x_wconf 86' lang='grc'><em>·</em></span> 
     </span>
    </p>
   </div>
   <div class='ocr_carea' id='block_1_24' title="bbox 26 2713 36 2788">
    <p class='ocr_par' dir='ltr' id='par_1_25' title="bbox 26 2713 36 2788">
     <span class='ocr_line' id='line_1_38' title="bbox 26 2713 36 2788; baseline 0 0"><span class='ocrx_word' id='word_1_449' title='bbox 26 2713 36 2788; x_wconf 72' lang='grc' dir='ltr'><em>ἓ</em></span> 
     </span>
    </p>
   </div>
   <div class='ocr_carea' id='block_1_25' title="bbox 114 2670 1938 2813">
    <p class='ocr_par' dir='ltr' id='par_1_26' title="bbox 114 2670 1938 2813">
     <span class='ocr_line' id='line_1_39' title="bbox 257 2670 1936 2743; baseline 0.002 -25"><span class='ocrx_word' id='word_1_450' title='bbox 257 2670 339 2734; x_wconf 83' lang='lat'><em>29,</em></span> <span class='ocrx_word' id='word_1_451' title='bbox 364 2681 388 2722; x_wconf 92' lang='lat'>1</span> <span class='ocrx_word' id='word_1_452' title='bbox 413 2675 484 2720; x_wconf 88' lang='lat' dir='ltr'><em>De</em></span> <span class='ocrx_word' id='word_1_453' title='bbox 514 2679 655 2722; x_wconf 80' lang='lat' dir='ltr'><em>variis</em></span> <span class='ocrx_word' id='word_1_454' title='bbox 682 2678 887 2724; x_wconf 83' lang='lat' dir='ltr'><em>cladibus</em></span> <span class='ocrx_word' id='word_1_455' title='bbox 908 2681 1071 2738; x_wconf 87' lang='lat' dir='ltr'><em>populi</em></span> <span class='ocrx_word' id='word_1_456' title='bbox 1088 2680 1291 2725; x_wconf 90' lang='lat' dir='ltr'><em>Romani</em></span> <span class='ocrx_word' id='word_1_457' title='bbox 1314 2695 1403 2724; x_wconf 85' lang='lat' dir='ltr'><em>om.</em></span> <span class='ocrx_word' id='word_1_458' title='bbox 1425 2679 1458 2724; x_wconf 87' lang='lat' dir='ltr'>C</span> <span class='ocrx_word' id='word_1_459' title='bbox 1484 2673 1505 2743; x_wconf 93' lang='grc' dir='ltr'>Η</span> <span class='ocrx_word' id='word_1_460' title='bbox 1541 2685 1569 2726; x_wconf 89' lang='grc'>2</span> <span class='ocrx_word' id='word_1_461' title='bbox 1588 2679 1774 2735; x_wconf 84' lang='lat' dir='ltr'><em>obsedit]</em></span> <span class='ocrx_word' id='word_1_462' title='bbox 1798 2679 1936 2723; x_wconf 90' lang='lat' dir='ltr'><em>immo</em></span> 
     </span>
     <span class='ocr_line' id='line_1_40' title="bbox 114 2741 1938 2813; baseline -0.002 -19"><span class='ocrx_word' id='word_1_463' title='bbox 114 2745 300 2794; x_wconf 75' lang='lat' dir='ltr'><em>insedit;</em></span> <span class='ocrx_word' id='word_1_464' title='bbox 340 2746 398 2790; x_wconf 82' lang='lat' dir='ltr'><em>cf.</em></span> <span class='ocrx_word' id='word_1_465' title='bbox 441 2750 593 2790; x_wconf 81' lang='lat' dir='ltr'><em>tamen</em></span> <span class='ocrx_word' id='word_1_466' title='bbox 625 2749 697 2801; x_wconf 88' lang='lat'><em>39,</em></span> <span class='ocrx_word' id='word_1_467' title='bbox 737 2751 762 2799; x_wconf 83' lang='lat'>§</span> <span class='ocrx_word' id='word_1_468' title='bbox 790 2751 818 2794; x_wconf 84' lang='lat'><strong>3</strong></span> <span class='ocrx_word' id='word_1_469' title='bbox 861 2741 882 2813; x_wconf 95' lang='grc' dir='ltr'>Η</span> <span class='ocrx_word' id='word_1_470' title='bbox 924 2754 950 2797; x_wconf 90' lang='grc'>6</span> <span class='ocrx_word' id='word_1_471' title='bbox 986 2752 1177 2796; x_wconf 88' lang='lat' dir='ltr'><em>accessit</em></span> <span class='ocrx_word' id='word_1_472' title='bbox 1217 2751 1305 2794; x_wconf 89' lang='lat' dir='ltr'><em>W:</em></span> <span class='ocrx_word' id='word_1_473' title='bbox 1346 2751 1593 2795; x_wconf 88' lang='lat' dir='ltr'><em>accesserit</em></span> <span class='ocrx_word' id='word_1_474' title='bbox 1628 2748 1686 2803; x_wconf 89' lang='lat' dir='ltr'><em>C;</em></span> <span class='ocrx_word' id='word_1_475' title='bbox 1735 2758 1938 2792; x_wconf 89' lang='lat' dir='ltr'><em>accesse-</em></span> 
     </span>
    </p>
   </div>
   <div class='ocr_carea' id='block_1_26' title="bbox 27 2807 1937 3084">
    <p class='ocr_par' dir='ltr' id='par_1_27' title="bbox 27 2807 1937 3084">
     <span class='ocr_line' id='line_1_41' title="bbox 27 2807 1935 2883; baseline 0.001 -25"><span class='ocrx_word' id='word_1_476' title='bbox 27 2828 32 2881; x_wconf 61' lang='grc' dir='ltr'><em>ξ</em></span> <span class='ocrx_word' id='word_1_477' title='bbox 117 2814 246 2858; x_wconf 89' lang='lat' dir='ltr'><em>ratE</em></span> <span class='ocrx_word' id='word_1_478' title='bbox 286 2807 308 2878; x_wconf 94' lang='grc' dir='ltr'>Η</span> <span class='ocrx_word' id='word_1_479' title='bbox 341 2819 369 2861; x_wconf 89' lang='grc'>8</span> <span class='ocrx_word' id='word_1_480' title='bbox 401 2814 442 2859; x_wconf 92' lang='lat' dir='ltr'><em>T</em></span> <span class='ocrx_word' id='word_1_481' title='bbox 439 2814 691 2861; x_wconf 89' lang='lat' dir='ltr'><em>ridentinas</em></span> <span class='ocrx_word' id='word_1_482' title='bbox 711 2817 770 2860; x_wconf 89' lang='lat' dir='ltr'><em>P:</em></span> <span class='ocrx_word' id='word_1_483' title='bbox 811 2821 1063 2864; x_wconf 85' lang='lat' dir='ltr'><em>tarentinas</em></span> <span class='ocrx_word' id='word_1_484' title='bbox 1085 2819 1118 2865; x_wconf 91' lang='lat' dir='ltr'>C</span> <span class='ocrx_word' id='word_1_485' title='bbox 1150 2811 1173 2883; x_wconf 96' lang='grc' dir='ltr'>Η</span> <span class='ocrx_word' id='word_1_486' title='bbox 1211 2826 1261 2867; x_wconf 88' lang='grc'><em>11</em></span> <span class='ocrx_word' id='word_1_487' title='bbox 1293 2825 1381 2863; x_wconf 84' lang='lat' dir='ltr'><em>tota</em></span> <span class='ocrx_word' id='word_1_488' title='bbox 1412 2818 1551 2863; x_wconf 87' lang='lat' dir='ltr'><em>Italia</em></span> <span class='ocrx_word' id='word_1_489' title='bbox 1574 2818 1663 2862; x_wconf 88' lang='lat' dir='ltr'><em>W:</em></span> <span class='ocrx_word' id='word_1_490' title='bbox 1702 2817 1842 2866; x_wconf 82' lang='lat' dir='ltr'><em>Italia</em></span> <span class='ocrx_word' id='word_1_491' title='bbox 1878 2815 1935 2870; x_wconf 91' lang='lat' dir='ltr'><em>C;</em></span> 
     </span>
     <span class='ocr_line' id='line_1_42' title="bbox 28 2881 1937 2951; baseline 0 -23"><span class='ocrx_word' id='word_1_492' title='bbox 28 2901 31 2905; x_wconf 54' lang='lat'><em>&gt;</em></span> <span class='ocrx_word' id='word_1_493' title='bbox 119 2884 178 2927; x_wconf 81' lang='lat' dir='ltr'><em>cf.</em></span> <span class='ocrx_word' id='word_1_494' title='bbox 201 2889 271 2940; x_wconf 89' lang='lat'><em>11,</em></span> <span class='ocrx_word' id='word_1_495' title='bbox 294 2888 318 2935; x_wconf 65' lang='grc'><em>3·</em></span> <span class='ocrx_word' id='word_1_496' title='bbox 340 2889 391 2938; x_wconf 91' lang='grc'>2;</span> <span class='ocrx_word' id='word_1_497' title='bbox 422 2888 491 2940; x_wconf 87' lang='grc'><em>18,</em></span> <span class='ocrx_word' id='word_1_498' title='bbox 513 2890 538 2938; x_wconf 81' lang='lat'>§</span> <span class='ocrx_word' id='word_1_499' title='bbox 562 2887 645 2940; x_wconf 82' lang='lat' dir='ltr'><em>l&#39;l;</em></span> <span class='ocrx_word' id='word_1_500' title='bbox 680 2888 751 2940; x_wconf 87' lang='lat'><em>42,</em></span> <span class='ocrx_word' id='word_1_501' title='bbox 772 2890 796 2938; x_wconf 82' lang='lat'>§</span> <span class='ocrx_word' id='word_1_502' title='bbox 816 2890 843 2933; x_wconf 88' lang='grc'><strong>3</strong></span> <span class='ocrx_word' id='word_1_503' title='bbox 879 2881 899 2951; x_wconf 97' lang='grc' dir='ltr'>Η</span> <span class='ocrx_word' id='word_1_504' title='bbox 941 2893 992 2934; x_wconf 87' lang='grc'><em>15</em></span> <span class='ocrx_word' id='word_1_505' title='bbox 1024 2894 1094 2934; x_wconf 87' lang='lat' dir='ltr'><em>ter</em></span> <span class='ocrx_word' id='word_1_506' title='bbox 1126 2889 1353 2934; x_wconf 84' lang='lat' dir='ltr'><em>dimicavit</em></span> <span class='ocrx_word' id='word_1_507' title='bbox 1377 2890 1465 2933; x_wconf 91' lang='lat' dir='ltr'><em>W:</em></span> <span class='ocrx_word' id='word_1_508' title='bbox 1509 2894 1576 2932; x_wconf 85' lang='lat' dir='ltr'><em>ter</em></span> <span class='ocrx_word' id='word_1_509' title='bbox 1608 2901 1700 2931; x_wconf 86' lang='lat' dir='ltr'><em>om.</em></span> <span class='ocrx_word' id='word_1_510' title='bbox 1734 2886 1794 2942; x_wconf 89' lang='lat' dir='ltr'><em>C;</em></span> <span class='ocrx_word' id='word_1_511' title='bbox 1833 2891 1937 2931; x_wconf 77' lang='lat' dir='ltr'><em>ante</em></span> 
     </span>
     <span class='ocr_line' id='line_1_43' title="bbox 27 2950 1936 3021; baseline 0.003 -26"><span class='ocrx_word' id='word_1_512' title='bbox 27 2960 56 2988; x_wconf 65' lang='grc'><em>·-“’</em></span> <span class='ocrx_word' id='word_1_513' title='bbox 117 2965 218 2996; x_wconf 87' lang='lat' dir='ltr'><em>cum</em></span> <span class='ocrx_word' id='word_1_514' title='bbox 252 2954 444 2998; x_wconf 82' lang='lat' dir='ltr'><em>inseruit</em></span> <span class='ocrx_word' id='word_1_515' title='bbox 473 2954 535 3010; x_wconf 90' lang='lat' dir='ltr'><em>D;</em></span> <span class='ocrx_word' id='word_1_516' title='bbox 581 2956 638 2999; x_wconf 81' lang='lat' dir='ltr'><em>cs.</em></span> <span class='ocrx_word' id='word_1_517' title='bbox 673 2959 730 3002; x_wconf 81' lang='grc'><em>44</em></span> <span class='ocrx_word' id='word_1_518' title='bbox 763 2956 911 3013; x_wconf 88' lang='lat' dir='ltr'><em>princ.</em></span> <span class='ocrx_word' id='word_1_519' title='bbox 947 2950 969 3021; x_wconf 95' lang='grc' dir='ltr'>Η</span> <span class='ocrx_word' id='word_1_520' title='bbox 1004 2963 1061 3005; x_wconf 90' lang='grc'>20</span> <span class='ocrx_word' id='word_1_521' title='bbox 1083 2960 1361 3016; x_wconf 87' lang='lat' dir='ltr'><em>praemium]</em></span> <span class='ocrx_word' id='word_1_522' title='bbox 1394 2959 1425 3002; x_wconf 87' lang='lat' dir='ltr'><em>i.</em></span> <span class='ocrx_word' id='word_1_523' title='bbox 1447 2971 1489 3001; x_wconf 86' lang='lat' dir='ltr'><em>e.</em></span> <span class='ocrx_word' id='word_1_524' title='bbox 1521 2956 1712 3016; x_wconf 84' lang='lat' dir='ltr'><em>pracda.</em></span> <span class='ocrx_word' id='word_1_525' title='bbox 1748 2957 1868 3001; x_wconf 87' lang='lat' dir='ltr'><em>Flor.</em></span> <span class='ocrx_word' id='word_1_526' title='bbox 1895 2960 1936 3009; x_wconf 89' lang='grc'><em>2,</em></span> 
     </span>
     <span class='ocr_line' id='line_1_44' title="bbox 30 3022 1934 3084; baseline -0.001 -17"><span class='ocrx_word' id='word_1_527' title='bbox 30 3038 33 3041; x_wconf 59' lang='grc'><strong>“</strong></span> <span class='ocrx_word' id='word_1_528' title='bbox 118 3026 159 3075; x_wconf 78' lang='lat'><em>2,</em></span> <span class='ocrx_word' id='word_1_529' title='bbox 181 3024 232 3066; x_wconf 76' lang='lat'><em>4:</em></span> <span class='ocrx_word' id='word_1_530' title='bbox 274 3022 289 3045; x_wconf 69' lang='lat'><em>‘</em></span> <span class='ocrx_word' id='word_1_531' title='bbox 309 3023 465 3079; x_wconf 83' lang='lat' dir='ltr'><em>specie</em></span> <span class='ocrx_word' id='word_1_532' title='bbox 496 3024 683 3082; x_wconf 82' lang='lat' dir='ltr'><em>quidem</em></span> <span class='ocrx_word' id='word_1_533' title='bbox 705 3026 858 3070; x_wconf 81' lang='lat' dir='ltr'><em>socios</em></span> <span class='ocrx_word' id='word_1_534' title='bbox 891 3027 1110 3082; x_wconf 86' lang='lat' dir='ltr'><em>iuvandi,</em></span> <span class='ocrx_word' id='word_1_535' title='bbox 1150 3042 1200 3072; x_wconf 87' lang='lat' dir='ltr'><em>re</em></span> <span class='ocrx_word' id='word_1_536' title='bbox 1235 3035 1386 3073; x_wconf 80' lang='lat' dir='ltr'><em>autem</em></span> <span class='ocrx_word' id='word_1_537' title='bbox 1409 3029 1680 3073; x_wconf 81' lang='lat' dir='ltr'><em>sollicitante</em></span> <span class='ocrx_word' id='word_1_538' title='bbox 1700 3023 1934 3084; x_wconf 81' lang='lat' dir='ltr'><em>praeda&#39;:</em></span> 
     </span>
    </p>
   </div>
  </div>
 </body>
</html>
