2020 3168
44 232 48 235 ‚
131 208 188 246 tv
317 195 320 198 ’
723 233 726 236 -
873 207 1216 247 PRAEFATIO.

268 321 316 386 2,
357 331 382 373 1
419 326 541 370 milia
577 337 803 382 passuum
840 325 1021 379 novem]
1059 325 1275 383 Nigidius
1311 327 1358 370 in
1396 326 1587 372 scholiis
1633 327 1694 373 ad
1732 329 1946 379 German.
1992 341 1994 343 ’

127 412 174 440 v.
196 400 308 443 223;
348 395 508 439 ‘abest
537 395 593 438 ab
621 393 910 437 Alexandria
934 394 1098 438 itinere
1132 394 1313 439 dierum
1343 396 1570 440 novem.'·
1605 397 1640 441 F
1670 397 1731 443 ad
1758 397 1880 444 Curt.
1902 403 1947 448 4.
1995 398 1998 399 ⁷

127 468 170 520 7,
194 471 248 512 15
264 465 396 508 milia
409 475 634 521 passuum
651 473 740 506 sea:
766 455 787 526 Η
811 467 839 509 2
851 463 965 519 petit
995 456 1019 528 Η
1050 465 1169 508 inter
1190 464 1347 508 sidera
1365 465 1453 509 W:
1483 465 1531 508 in
1547 466 1703 511 sidera
1727 466 1785 523 C;
1825 469 1882 514 ef.
1902 474 1946 525 2,
1990 452 1993 458 ”

126 538 200 589 §8
235 527 256 598 Η
290 535 316 579 7
348 531 581 577 Sidoniam
609 531 672 574 H:
706 528 893 576 Sidonia
924 530 982 586 C;
1021 531 1242 578 Sidonida
1261 532 1298 577 T
1333 525 1355 598 Η
1392 536 1420 580 9
1450 533 1513 577 dii
1537 536 1752 593 supplevi
1782 549 1843 582 ex
1869 538 1949 583 Ni·
1986 546 1989 548 ’

126 602 256 661 gidio
291 603 321 645 l.
342 602 373 645 l.
405 601 466 645 ad
497 614 542 645 v.
565 602 648 647 147
685 592 709 664 Η
738 602 1048 657 nominantur]
1088 602 1228 646 immo
1256 608 1593 660 memorantur,
1631 609 1710 649 aut
1736 617 1835 650 esse
1868 605 1949 651 de—

125 671 315 717 lendum
339 674 424 714 est.
463 663 485 734 Η
524 674 579 716 11
605 670 742 716 initiis
771 675 1000 727 praesunt
1021 670 1086 715 W
1109 685 1169 715 ex
1187 670 1375 730 Nigidio
1398 672 1428 715 l.
1450 672 1508 716 l.:
1550 672 1566 697 ³
1582 686 1778 731 quorum
1806 687 1946 734 argu—

124 747 328 786 mentum
359 740 489 784 nefas
523 739 581 783 sit
610 752 882 784 enumerare
925 739 1253 795 (enunciareY)
1288 746 1478 799 propter
1517 743 1569 797 (l.
1592 744 1808 801 praeter)
1847 757 1947 800 eos,

126 812 203 868 qui
239 809 508 853 ministeriis
543 808 597 863 (l.
621 810 869 867 mysteriis)
904 809 1167 866 praesunt?
1229 811 1289 855 cf.
1310 810 1571 855 Hemsterh.
1601 811 1664 856 ad
1690 812 1801 857 Luc.
1836 812 1945 859 dial.

127 880 258 925 deor.
289 882 341 934 2,
372 881 415 933 6,
447 884 497 926 1:
539 879 587 921 in
623 877 696 922 his
727 882 916 936 praesto
947 882 1055 923 sunt
1082 877 1116 923 C
1150 871 1172 944 Η
1217 884 1271 927 12
1306 881 1363 935 ii]
1401 878 1467 923 hii
1498 878 1557 936 ῦς
1595 879 1646 925 hi
1668 880 1705 925 E
1740 874 1764 945 Η
1802 886 1858 929 14
1882 883 1947 927 si-

123 951 257 999 mile*
293 940 316 1013 Η
363 948 416 994 17
448 951 658 992 exertam
682 940 704 1011 Η
739 952 797 995 20
825 951 932 1005 post
963 948 1286 1007 carcinumque
1315 947 1349 993 C
1381 947 1513 993 addit
1539 962 1784 1006 cancrum,
1822 950 1948 1009 quod

126 1019 300 1065 delevi.
336 1009 360 1080 Η
394 1020 452 1064 23
483 1018 530 1061 in
559 1020 732 1060 terram
760 1018 951 1074 Aryium
973 1016 1062 1060 W:
1099 1019 1147 1061 in
1175 1023 1349 1061 terram
1371 1019 1419 1061 in
1451 1020 1631 1076 aryiam
1652 1017 1712 1074 C;
1750 1022 1798 1064 in
1816 1026 1946 1065 terra

123 1091 296 1148 Aryiva
315 1087 352 1131 E
377 1081 398 1151 Η
423 1089 483 1133 24
499 1086 697 1129 molorco
725 1077 746 1149 Η
770 1089 828 1132 31
849 1086 953 1129 cari
972 1078 996 1149 Η
1019 1088 1075 1131 35
1095 1087 1321 1131 dominum
1339 1087 1378 1130 H
1397 1099 1457 1129 ex
1471 1086 1593 1146 Hyg.
1607 1088 1733 1150 Poet.
1754 1089 1944 1134 Astron.

123 1165 166 1215 2,
188 1163 240 1206 4:
280 1156 505 1201 hominem
526 1154 560 1200 C
587 1147 610 1219 Η
632 1158 689 1202 36
711 1155 963 1212 Eriqonam
982 1153 1072 1198 W:
1109 1154 1357 1214 Eriyonem
1378 1155 1412 1201 C
1436 1151 1458 1219 Η
1481 1158 1540 1204 38
1557 1158 1715 1205 carius
1738 1149 1760 1221 Η
1898 1168 1909 1174 ‘

268 1221 315 1286 3,
339 1233 364 1274 1
395 1228 443 1270 in
468 1227 617 1270 iuncto
650 1218 673 1288 Η
708 1228 738 1270 4
751 1226 880 1282 petiit
896 1224 1018 1282 quod
1121 1225 1480 1284 defecerint·W:
1511 1227 1625 1283 petit
1640 1227 1763 1285 quod
1865 1227 1944 1272 de·
2009 1266 2012 1288 ‚

124 1300 314 1352 ficerent
345 1294 377 1340 C
406 1288 428 1359 Η
452 1298 479 1342 6
499 1295 670 1339 Icarus
696 1289 719 1359 Η
751 1297 779 1342 9
799 1293 992 1350 adeptus
1016 1295 1125 1349 etc.]
1155 1295 1281 1339 Haec
1311 1297 1518 1352 graviter
1539 1301 1779 1354 corrupta:
1817 1296 1945 1341 nolui
2008 1296 2012 1325 ¹⁵

124 1376 278 1412 tamen
308 1365 476 1424 adepta
504 1366 551 1408 in
581 1370 755 1408 textum
787 1363 1014 1420 recipere.
1059 1355 1082 1426 Η
1125 1366 1205 1421 qui
1235 1366 1404 1423 insiyni
1430 1367 1666 1410 clementia
1699 1369 1744 1409 et
1777 1367 1944 1410 iustitia
2008 1362 2011 1410 ἰ

126 1436 362 1482 Halmius:
408 1436 488 1494 qui
521 1456 546 1483 ,ις
563 1456 588 1483 21.
609 1436 732 1478 omni
755 1434 1017 1477 clementiae
1037 1434 1203 1478 iustitia
1227 1432 1286 1489 C;
1325 1437 1365 1478 is
1386 1437 1509 1479 omni
1523 1433 1786 1479 clementiae
1815 1427 1938 1479 'iusti-
2009 1429 2011 1435 ’

123 1505 239 1552 tiaE
275 1497 299 1568 Η
334 1509 389 1551 12
421 1505 707 1549 existimatur
734 1503 820 1546 W:
863 1503 1142 1547 extimantur
1172 1502 1234 1558 C3
1283 1505 1581 1548 aestimantur
1609 1503 1646 1547 E
1682 1496 1704 1567 Η
1741 1509 1793 1551 15
1823 1503 1943 1548 Peli-

124 1587 239 1621 naeo
257 1573 318 1618 D:
365 1574 554 1632 peleneo
581 1573 614 1619 C
648 1566 670 1637 Η
707 1575 761 1619 19
782 1572 946 1618 Croton
966 1571 1089 1629 silius
1106 1571 1368 1630 Euphemes
1394 1566 1585 1618 nutricis
1603 1573 1674 1617 M:
1715 1573 1941 1619 Chronton

119 1647 245 1705 filius
281 1644 471 1688 nutricis
503 1643 563 1698 C;
607 1643 791 1698 Crotopi
821 1642 945 1700 filius
976 1642 1198 1686 nutricius
1227 1642 1282 1686 Ε.
1347 1643 1516 1686 Verior
1554 1643 1755 1686 nominis
1797 1643 1945 1686 forma
2008 1691 2009 1694 Ἴ

127 1715 287 1762 Crotus
317 1713 417 1757 sive
438 1713 594 1759 Crotos
625 1710 826 1756 videtur.
855 1704 877 1774 Η
901 1722 1030 1768 quem
1049 1709 1135 1753 W:
1176 1724 1294 1770 quae
1315 1710 1348 1756 C
1374 1704 1396 1776 Η
1420 1716 1478 1758 20
1496 1724 1597 1755 eum
1614 1711 1652 1755 E
1685 1705 1707 1773 Η
1738 1715 1795 1758 22
1810 1713 1945 1769 prius
2007 1708 2010 1724 ¹

126 1787 285 1830 doctus
320 1777 343 1846 Η
373 1786 431 1830 23
458 1784 664 1827 citteram
709 1776 732 1846 Η
775 1781 854 1824 alii
881 1778 1061 1824 addidit
1092 1778 1145 1824 Ο.
1176 1780 1366 1825 Iahnius
1399 1774 1422 1843 Η
1458 1784 1516 1827 24
1547 1780 1737 1838 Typhon
1765 1780 1835 1824 M:
1868 1782 1954 1837 pi-
1995 1819 1999 1822 .

125 1861 201 1900 ton
225 1853 257 1898 C
291 1846 311 1918 Η
347 1858 403 1901 25
437 1851 584 1896 Tauri
609 1850 646 1894 E
685 1844 706 1915 Η
742 1852 797 1897 27
831 1848 1091 1906 Typhonem
1118 1849 1187 1892 M:
1217 1856 1432 1908 pytonem
1456 1849 1489 1894 C
1514 1842 1535 1913 Η
1570 1853 1628 1896 30
1643 1851 1721 1908 qui
1737 1862 1838 1913 cum
1857 1850 1942 1893 W:

125 1926 204 1984 qui
221 1922 253 1968 C
287 1919 308 1987 Η
345 1927 402 1970 31
430 1923 571 1966 evasit
588 1921 681 1965 etE
716 1913 738 1984 Η
772 1922 829 1966 33
855 1931 985 1961 nam.-
1024 1917 1181 1962 malim
1207 1921 1310 1963 item
1334 1913 1357 1984 Η
1389 1924 1448 1968 34
1460 1920 1601 1977 piscis
1619 1914 1699 1974 **]
1728 1920 1942 1964 Lacunae

128 1995 313 2052 signum
349 1992 500 2049 posui.
558 1992 616 2034 cf.
646 1988 804 2047 Nigid.
842 1988 871 2031 l.
904 1988 933 2030 l.
973 1986 1112 2038 adsv.
1141 1989 1252 2035 240:
1301 1989 1486 2047 ‘pisces
1526 1988 1636 2032 dicit
1670 1988 1717 2031 in
1754 1987 1942 2032 flumine

124 2062 358 2120 Euphrate
402 2060 545 2104 fuisso
588 2065 632 2103 et
670 2060 731 2103 ibi
772 2070 913 2101 ovum
958 2057 1196 2101 invenisse
1230 2059 1374 2103 mirae
1411 2057 1768 2115 magnitudinis,
1818 2057 1945 2114 quod

126 2133 371 2178 volventes
412 2131 647 2174 eiecerunt
680 2130 724 2172 in
756 2133 924 2171 terram
953 2131 1089 2183 atque
1124 2127 1186 2170 ita
1213 2129 1472 2172 columbam
1502 2125 1776 2171 insedisse?
1817 2119 1842 2191 Η
1886 2128 1942 2174 37

124 2203 360 2261 utriusque
388 2198 621 2255 Halmius:
670 2199 851 2255 utrique
881 2193 950 2239 CE
987 2188 1011 2259 Η
1043 2198 1102 2243 38
1127 2195 1345 2242 nobilitati
1369 2197 1460 2241 W:
1503 2197 1639 2241 locati
1663 2196 1727 2240 E:
1765 2196 1941 2241 codicis

128 2271 357 2328 scriptura
390 2274 586 2326 excepta
616 2269 767 2326 prima
794 2266 941 2309 littera
970 2278 1002 2308 n
1039 2265 1198 2322 ignota
1227 2273 1298 2324 est
1331 2267 1501 2325 quippe
1530 2279 1724 2324 prorsus
1763 2265 1941 2320 deleta3

128 2339 213 2384 sed
233 2340 416 2384 videtur
436 2340 483 2383 in
501 2337 732 2383 vocabulo
755 2335 982 2379 exstineto
1000 2334 1217 2379 nobilitati
1237 2336 1396 2381 latere.
1424 2328 1447 2400 Η

265 2407 313 2469 4,
338 2414 366 2456 3
395 2409 733 2466 septemtriones
757 2397 781 2469 Η
807 2406 832 2451 7
855 2405 1054 2461 virqiliae
1080 2398 1101 2467 Η
1124 2408 1153 2451 8
1185 2406 1431 2451 Subuculae
1457 2400 1478 2469 Η
1504 2410 1560 2453 13
1590 2406 1669 2463 qui
1692 2404 1756 2448 ad
1779 2398 1799 2467 Η
1826 2408 1879 2452 19
1897 2406 1943 2448 in

127 2479 297 2523 nachia
330 2472 351 2542 Η
388 2483 444 2525 21
473 2477 794 2534 capricornius
830 2468 852 2537 Η
882 2476 939 2521 26
957 2473 1161 2532 afeliotes
1184 2470 1204 2538 Η
1230 2478 1286 2522 27
1305 2477 1541 2522 vulturnus
1573 2470 1594 2539 Η
1629 2477 1687 2521 28
1707 2477 1944 2531 aparctias

129 2547 188 2590 T:
223 2547 461 2605 aparchas
486 2545 519 2591 C
543 2541 563 2610 Η
590 2561 620 2591 a
638 2551 744 2604 post
762 2545 878 2590 idem
899 2556 987 2587 om.
1015 2537 1037 2609 Η
1061 2548 1117 2591 29
1137 2546 1232 2591 libis
1256 2540 1277 2609 Η
1303 2549 1360 2593 31
1381 2547 1704 2591 exscribuntur
1729 2536 1749 2607 Η
1775 2548 1832 2591 33
1850 2546 1944 2588 cir-

127 2619 223 2661 cius
247 2617 303 2662 C:
340 2629 513 2662 caurus
530 2618 591 2671 E,
633 2615 791 2659 nescIO
817 2627 906 2672 quo
927 2626 1083 2658 errore
1119 2607 1140 2678 Η
1175 2617 1396 2676 aquilonis
1422 2610 1443 2678 Η
1468 2618 1527 2663 34
1550 2617 1629 2675 qui
1646 2615 1827 2657 aestatis
1852 2606 1875 2677 Η

269 2684 317 2745 5,
351 2691 405 2733 14
432 2686 563 2744 Lycii
591 2685 651 2729 D:
703 2685 810 2729 libai
839 2682 872 2728 C
905 2677 927 2746 Η
962 2689 1014 2730 15
1051 2688 1204 2729 sectae
1240 2692 1473 2730 sarmatae
1506 2678 1527 2749 Η
1564 2685 1683 2728 traci
1714 2677 1736 2746 Η
1772 2685 1827 2729 18
1861 2696 1943 2726 nu-

128 2756 302 2799 mcdz‘ae
336 2749 357 2819 Η
393 2760 686 2800 Garamantes
724 2746 745 2817 Η
779 2758 834 2800 21
865 2754 1064 2798 etmodus
1101 2749 1123 2818 Η
1178 2759 1235 2801 22
1270 2755 1495 2814 Tayyetus
1523 2755 1584 2798 T:
1611 2758 1808 2811 tayyetes
1831 2750 1864 2795 C
1897 2745 1918 2814 Η
2019 2799 2020 2807 2

128 2827 175 2867 in
216 2831 319 2867 ante
345 2825 703 2869 Lacedaemonia
734 2837 823 2866 om.
859 2817 880 2885 Η
915 2828 972 2870 23
1002 2823 1242 2868 Cithaeron
1279 2830 1323 2868 et
1349 2825 1538 2869 Helicon
1565 2822 1627 2867 D:
1670 2822 1873 2866 citheron
1903 2827 1945 2865 et
2019 2819 2020 2849 ³

130 2893 254 2937 eleon
294 2892 354 2948 C;
420 2899 461 2938 et
511 2894 719 2939 Citheron
756 2892 900 2936 Eleon
939 2892 999 2946 S;
1054 2899 1098 2937 et
1132 2893 1373 2938 Cithaeron
1420 2899 1463 2937 ec
1497 2894 1687 2938 Helicon
1709 2891 1744 2935 T
1782 2884 1803 2951 Η
1825 2905 1938 2947 par-

131 2973 261 3006 nesos
309 2961 365 3016 C;
415 2962 684 3007 Parnassus
721 2962 757 3005 E
781 2956 802 3023 Η
838 2965 897 3008 24
925 2962 1088 3020 Epiro]
1116 2976 1204 3020 pro
1240 2955 1261 3014 ΙΙ
1298 2959 1492 3007 minatus
1525 2954 1546 3021 Η
1581 2964 1638 3008 26
1675 2966 1719 3006 et
1761 2960 1942 3006 Italiam
