2020 3168
255 195 318 244 10
842 207 1019 247 nom
1037 207 1314 247 EPITOMA.

302 369 435 423 1111.
475 370 782 455 BELLVM
811 369 1213 492 EJPRSVESISIJNVXI
1251 370 1408 424 CVM
1434 370 1638 425 REGE
1673 371 1841 424 POR-

161 536 232 587 10
380 535 559 587 Pulsis
583 534 718 587 urbe
733 534 953 604 regibus
981 537 1156 605 prima
1181 554 1279 606 pro
1300 523 1549 588 libertate
1579 553 1729 587 arma
1746 537 1910 588 corri-

246 604 378 674 puit.
427 621 556 654 nam
580 603 861 656 Porsenna
885 621 987 656 rex
1014 604 1367 658 Etruscorum
1400 604 1710 674 ingentibus
1739 605 1908 674 copiis

207 680 233 720 2
252 672 437 724 aderat
450 679 503 723 et
513 671 836 743 Tarquinios
857 690 1020 726 manu
1033 673 1340 727 reducebat.
1370 673 1513 726 hunc
1520 681 1716 741 tamen,
1729 691 1909 744 quam·
1926 692 1948 724 5

247 743 332 793 vis
364 748 415 792 et
451 742 613 793 armis
643 748 696 794 et
724 741 867 794 fame
902 760 969 794 ur
1047 749 1159 795 eret
1188 750 1552 814 occupatoque
1580 742 1822 795 Ianiculo
1852 743 1911 793 in

246 811 379 880 ipsis
403 809 553 862 urbis
584 810 832 863 faucibus
861 760 1156 879 incuffiaret,
1187 813 1442 865 sustinuit
1461 811 1711 882 reppulit,
1731 813 1910 863 novis-

248 880 379 931 sime
400 879 561 931 etiam
587 886 739 931 tanta
763 879 1115 933 admiratione
1183 881 1387 948 erculit,
1416 888 1477 934 ut
1508 881 1752 951 superior
1767 879 1910 932 ultro

200 960 231 1001 3
250 966 370 999 cum
388 965 558 1017 paene
575 950 733 1000 victis
753 950 1019 1001 amicitiae
1042 949 1130 1002 foe
1172 968 1264 1002 era
1292 951 1498 1002 feriret.
1536 956 1666 1001 tunc
1693 948 1788 1001 illa
1805 948 1910 1001 Ro-

246 1019 392 1068 mani
402 1019 632 1069 nominis
644 1018 894 1097 prodigia
912 1017 983 1070 ad
1019 1036 1087 1070 ue
1104 1019 1378 1085 miracula,
1390 1018 1665 1085 Horatius,
1677 1018 1906 1084 Mucius,
1924 1033 1965 1067 ιο

249 1085 469 1152 Cloelia,
501 1088 592 1157 qui
611 1088 717 1137 msi
746 1089 803 1137 in
823 1086 1005 1137 annali
1042 1105 1106 1138 us
1128 1086 1320 1154 forent,
1349 1087 1511 1139 hodie
1528 1086 1744 1139 fabulae
1762 1086 1910 1139 vide-

197 1172 231 1208 4
246 1161 447 1206 rentur.
479 1156 676 1275 quip¹pe
688 1154 946 1207 Horatius
961 1154 1153 1207 Cocles
1171 1163 1457 1225 postquam
1473 1155 1654 1207 hostes
1672 1154 1911 1224 undique

245 1225 506 1275 instantes
537 1242 595 1275 so
618 1242 681 1275 us
712 1241 1049 1276 summovere
1077 1241 1187 1277 non
1212 1231 1448 1294 poterat,
1489 1230 1654 1294 ponte
1681 1224 1912 1275 rescisso

199 1307 229 1346 5
245 1299 546 1345 transnatat
565 1292 808 1345 Tiberim
837 1310 939 1345 nec
967 1310 1117 1344 arma
1136 1293 1370 1345 dimittit.
1418 1293 1630 1346 Mucius
1651 1291 1914 1345 Scaevola

244 1379 429 1430 regem
456 1380 553 1432 per
581 1362 806 1414 insidias
834 1364 892 1414 in
921 1363 1112 1417 castris
1143 1363 1312 1432 ipsius
1342 1362 1673 1431 adgreditur,
1700 1361 1797 1414 sed
1815 1360 1910 1413 ubi
1926 1374 1967 1407 15

245 1430 503 1484 frustrato
533 1432 677 1483 circa
702 1438 1056 1502 purpuratum
1078 1432 1194 1483 eius
1214 1432 1326 1483 ictu
1341 1437 1570 1497 tenetur,
1599 1429 1911 1483 ardentibus

197 1504 231 1545 6
248 1499 383 1551 focis
416 1500 570 1552 inicit
603 1518 819 1552 manum
847 1506 1213 1570 terroremque
1240 1501 1479 1569 geminat
1513 1499 1654 1552 dolo.
1710 1508 1822 1565 ‘en,
1852 1506 1913 1551 ut

245 1569 421 1634 scias',
434 1570 608 1640 inquit
619 1576 800 1640 ‘quem
814 1570 990 1621 virum
1010 1568 1288 1637 effugeris3
1310 1569 1454 1621 idem
1470 1570 1698 1621 trecenti
1715 1569 1912 1620 iuravi·
2002 1594 2003 1598 ¹

243 1648 361 1688 mus
378 1644 412 1705 ς’
435 1656 556 1690 cum
579 1639 797 1691 interim
813 1639 1121 1689 —inmane
1141 1638 1287 1690 dictu
1308 1669 1379 1677 —
1397 1637 1486 1690 hic
1505 1638 1798 1702 interritus,
1819 1636 1912 1688 ille

195 1715 226 1754 '7
243 1707 560 1775 trepidaret,
589 1714 863 1777 tamquam
891 1724 1080 1758 manus
1107 1708 1253 1775 regis
1289 1707 1520 1759 arderet.
1582 1707 1660 1758 sic
1691 1706 1907 1776 quidem
1923 1724 1968 1757 20

243 1776 376 1842 viri,
398 1776 493 1829 sed
511 1795 580 1828 ne
607 1777 699 1846 qui
718 1795 880 1828 sexus
903 1793 935 1826 a
953 1775 1113 1827 laude
1134 1783 1385 1843 cessaret,
1414 1793 1539 1827 ecce
1559 1782 1613 1827 et
1638 1776 1914 1843 virginum

243 1845 432 1896 virtus.
487 1863 597 1898 una
634 1863 704 1897 ex
739 1844 1018 1915 opsidibus
1055 1846 1174 1913 regi
1218 1844 1358 1896 datis
1397 1844 1581 1914 elapsa
1619 1843 1911 1909 custodiae,

193 1925 228 1966 8
249 1912 469 1981 Cloelia,
488 1933 585 1985 per
605 1916 838 1984 patrium
851 1913 1051 1965 flumen
1075 1913 1366 1982 equitabat.
1410 1920 1462 1964 et
1480 1923 1581 1966 rex
1634 1912 1817 1965 uidem
1833 1919 1913 1964 tot

241 1984 512 2053 tantisque
548 1985 808 2035 virtutum
837 1983 1065 2035 territus·
1095 1984 1348 2034 monstris
1383 1982 1567 2034 valere
1645 1981 1911 2050 berosque

245 2069 362 2103 esse
374 2053 545 2104 iussit.
578 2052 859 2122 Tarquinii
875 2058 1057 2103 tamen
1074 2058 1185 2102 tam
1205 2051 1299 2102 diu
1310 2051 1716 2116 dimicaverunt,
1738 2050 1909 2102 donec
1925 2062 1968 2095 25

242 2120 534 2174 Arruntem
551 2121 721 2173 filium
740 2121 885 2190 regis
905 2137 1068 2172 manu
1087 2137 1184 2171 sua
1202 2118 1400 2171 Brutus
1431 2119 1628 2172 occidit
1645 2137 1709 2170 su
1749 2136 1911 2188 erque

242 2190 418 2258 ipsum
446 2197 630 2242 mutuo
659 2189 882 2242 volnere
913 2189 1205 2259 expiravit,
1235 2188 1395 2258 plane
1426 2188 1579 2258 quasi
1608 2137 1912 2240 aquterum

241 2258 311 2309 ad
329 2259 532 2312 inferos
552 2277 723 2330 usque
744 2265 1070 2329 sequeretur.

568 2369 570 2372 ’
663 2370 731 2423 V.
783 2368 1092 2422 BELLVM
1126 2368 1487 2421 LATINVM.

161 2482 227 2532 11
385 2468 569 2520 Latini
603 2486 813 2538 quoque
843 2467 1165 2539 Tarquinios
1195 2468 1518 2522 adserebant
1549 2467 1904 2521 aemulatione
1922 2487 1965 2520 30

245 2545 296 2588 et
319 2537 618 2620 invidia4ut
635 2538 864 2607 populus
890 2539 982 2659 qiii
1010 2537 1143 2619 {oris
1172 2538 1548 2620 dominabatur
1567 2536 1746 2590 saltim
1766 2535 1911 2588 domi

244 2613 487 2659 servlret.
535 2614 702 2676 1g1tur
730 2624 887 2659 omne
966 2614 1131 2659 atium
1161 2607 1402 2660 Mamlho
1434 2606 1739 2660 Tusculano
1772 2604 1908 2656 duce

197 2697 224 2735 ²
243 2673 1909 2799 {13¹3}ssssssssmint-22¹1303&ssss...533²J.1}e{{1{1222¹.²3¹‡

242 2814 456 2882 signum
475 2816 531 2866 in
550 2814 720 2867 hostis
747 2786 1010 2867 iaculatus'
1029 2822 1109 2866 est
1124 2847 1195 2854 —
1222 2832 1422 2867 novum
1450 2822 1502 2866 et
1531 2763 1744 2883 igsigne
1765 2830 1904 2864 com·
1922 2829 1965 2863 35
1996 2800 2000 2831 ³

201 2893 229 2935 3
246 2890 650 2951 mentum—,ut
668 2884 796 2937 inde
818 2891 1166 2955 repeteretur.
1191 2883 1389 2937 Cossus
1403 2884 1640 2954 equitum
1651 2883 1907 2951 magister
