2020 3168
648 203 701 270 1,
731 205 815 255 30.
839 201 1257 274 31[11‚14.15].‚
1358 248 1360 250 .
1712 206 1776 254 41

111 347 362 394 meretur.
410 341 576 408 igitur
593 340 816 392 Manilio
849 339 1255 409 Censorinoque
1284 338 1594 390 consulibus
1612 357 1777 408 popu·
1795 349 1823 388 7

112 410 196 462 lus
223 410 499 462 Romanus
527 410 817 478 adgressus
852 407 1236 476 Carthaginem
1267 425 1362 476 spe
1401 407 1552 476 pacis
1583 408 1782 459 iniecta

110 478 365 531 traditam
395 496 428 530 a
458 477 764 530 volentibus
797 477 1023 529 classem
1050 475 1186 528 subi
1228 493 1286 527 so
1307 493 1400 529 ore
1431 475 1581 527 urbis
1600 477 1780 528 incen-

114 547 210 600 dit.
265 554 381 599 tum
406 548 641 599 evocatis
672 546 1030 616 principibus,
1063 547 1107 597 si
1137 562 1197 596 sa
1218 545 1275 596 vi
1311 561 1430 596 esse
1457 545 1685 612 vellent,
1720 552 1828 597 ut8

73 634 94 666 5
112 617 407 686 migrarent
423 616 621 668 finibus
640 616 943 684 imperavit.
973 614 1117 685 quod
1133 631 1230 684 pro
1248 614 1330 665 rei
1342 614 1624 666 atrocitate
1643 614 1779 666 adeo

110 686 280 737 movit
299 686 408 736 iras
419 724 434 750 ,
462 691 523 736 ut
544 690 785 751 extrema
802 684 1040 736 mallent.
1088 682 1474 751 comploratum
1502 683 1668 751 igitur
1722 701 1780 734 u-

43 773 47 777 *
110 753 252 806 blice
280 755 461 804 statim
492 759 546 804 et
571 752 686 821 pari
708 769 842 805 voce
861 752 1148 804 clamatum
1175 757 1257 802 est
1276 751 1368 802 ‘ad
1386 752 1561 802 arma!
1577 757 1594 780 ’
1616 701 1776 803 sedit-
1794 754 1824 795 9

111 839 216 892 que
237 822 517 888 sententia,
548 837 760 891 quoquo
789 820 950 873 modo
968 819 1366 886 rebellandum3
1399 836 1511 872 non
1567 821 1659 871 uia
1674 821 1783 870 iam

112 908 234 961 spes
263 890 378 942 ulla
396 896 726 960 superesset,
757 889 855 942 sed
873 890 1000 959 quia
1027 889 1256 969 patriam
1276 905 1428 939 suam
1448 838 1670 939 mallent
1690 888 1782 940 ho-

57 975 100 1010 10
118 961 279 1012 stium
299 976 459 1030 quam
478 959 588 1010 suis
607 957 855 1010 manibus
874 964 1061 1010 evertl.
1113 958 1205 1027 qui
1222 956 1603 1010 rebellantium
1619 957 1783 1009 fuerit
1801 967 1857 1008 lo

110 1029 287 1095 furor,
313 1028 404 1080 vel
420 1028 547 1080 hinc
565 1027 808 1096 intellegi
865 1033 1018 1093 otest,
1040 1026 1185 1107 quod
1202 1027 1259 1077 in
1276 1044 1435 1077 usum
1453 1043 1627 1079 novae
1649 1026 1782 1078 clas-

112 1099 186 1149 sis
218 1103 362 1150 tecta
390 1097 643 1150 domuum
669 1098 810 1148 resci
851 1102 1033 1163 erunt3
1063 1114 1122 1146 1n
1148 1112 1418 1147 armorum
1439 1095 1670 1148 officinis
1692 1113 1783 1147 au-

120 1184 240 1218 rum
260 1174 313 1218 et
325 1173 615 1236 argentum
631 1183 728 1234 pro
748 1183 872 1218 aere
893 1164 1143 1234 ferroque
1165 1162 1452 1216 conflatum
1473 1171 1578 1232 est,
1599 1166 1658 1217 in
1674 1172 1782 1217 tor-

95 1242 414 1288 -mentorum
461 1235 689 1294 vincula
723 1235 887 1287 crinis
936 1251 1059 1286 suos
1099 1241 1374 1286 matronae
1422 1234 1779 1286 contulerunt.

59 1320 102 1354 15
118 1305 369 1357 Mancino
397 1303 592 1356 deinde
612 1303 831 1356 consule
848 1310 994 1355 terra
1022 1303 1263 1372 marique
1283 1302 1530 1355 fervebat
1552 1301 1779 1356 obsidio.

112 1373 285 1443 operti
302 1379 488 1442 portus
501 1412 516 1439 ,
546 1371 779 1424 nudatus
801 1379 882 1424 est
936 1371 1103 1423 rimus
1126 1379 1178 1423 et
1198 1389 1453 1441 sequens,
1477 1372 1586 1423 iam
1606 1379 1658 1424 et
1676 1379 1780 1424 ter·
1802 1377 1849 1418 ll

111 1444 218 1495 tius
253 1459 464 1508 muruS,
502 1458 625 1492 cum
657 1447 839 1493 tamen
920 1458 1069 1510 yrsa,
1109 1439 1254 1510 quod
1288 1457 1485 1492 nomen
1523 1441 1636 1492 arci
1662 1440 1780 1506 fuit,

113 1511 267 1581 quasi
297 1510 466 1562 altera
488 1510 679 1562 civitas
708 1508 1014 1562 resistebat.
1054 1510 1298 1578 quamvis
1319 1509 1606 1579 profligato
1627 1509 1778 1561 urbis
1802 1519 1854 1558 12

114 1579 325 1632 excidio
341 1586 522 1631 tamen
532 1578 697 1630 fatale
708 1579 929 1631 Africae
941 1595 1138 1630 nomen
1154 1577 1465 1647 Scipionum
1477 1577 1779 1630 videbatur.

56 1663 100 1696 20
117 1650 280 1717 igitur
315 1649 374 1700 in
411 1648 577 1699 alium
603 1647 910 1717 Scipionem
948 1665 1210 1700 conversa
1245 1665 1332 1698 res
1368 1646 1587 1716 publica
1621 1647 1783 1699 finem

111 1717 245 1769 belli
283 1716 620 1798 reposcebat.
673 1716 818 1769 hunc
862 1717 1032 1769 Paulo
1063 1716 1414 1768 Macedonico
1482 1724 1783 1768 rocreatum

113 1785 363 1838 Africam
397 1786 543 1838 illius
578 1788 763 1855 magni
798 1786 940 1838 filius
982 1786 1145 1838 decus
1176 1787 1355 1854 gentis
1392 1802 1424 1836 a
1465 1794 1780 1855 sumpserat,

114 1855 214 1907 hoc
234 1854 438 1907 scilicet
456 1855 568 1907 fato
579 1895 593 1921 ,
625 1864 685 1906 ut
706 1873 864 1925 quam
880 1855 1071 1907 urbem
1090 1862 1434 1907 concusserat
1453 1872 1586 1907 avus
1612 1873 1780 1924 nepos

113 1925 228 1976 eius
261 1930 543 1976 everteret.
596 1924 692 1975 sed
721 1943 879 1994 quem
908 1924 979 1975 ad
1005 1924 1223 1976 modum
1253 1925 1487 1976 maxime
1515 1925 1779 1977 mortiferi
1799 1937 1855 1979 13

56 2012 99 2045 25
114 2010 322 2045 morsus
343 1992 518 2044 solent
537 2011 655 2044 esse
674 1993 1016 2044 morientium
1034 1993 1350 2059 bestiarum,
1386 1994 1464 2045 sic
1481 1993 1601 2062 plus
1619 2011 1780 2062 nego-

112 2063 175 2113 tii
195 2062 298 2113 fuit
316 2079 436 2113 cum
457 2063 711 2113 semiruta
732 2061 931 2127 Qartha
970 2063 1058 2113 ine
1080 2079 1240 2131 quam
1259 2080 1379 2114 cum
1398 2063 1625 2130 integra.
1659 2080 1780 2115 con-

110 2130 280 2200 pulsis
310 2131 368 2182 in
395 2148 559 2182 unam
590 2148 770 2183 arcem
788 2131 930 2183 hosti
968 2149 1031 2182 us
1049 2138 1263 2200 portum
1291 2149 1502 2201 quoque
1521 2133 1657 2182 mari
1674 2132 1778 2184 Ro·
1799 2136 1854 2175 14

113 2217 301 2251 manus
323 2199 682 2253 obstruxerat.
713 2200 795 2252 illi
813 2201 1040 2252 alterum
1060 2199 1163 2251 sibi
1183 2207 1397 2269 portum
1416 2198 1484 2252 ab
1505 2199 1612 2251 alia
1630 2200 1779 2251 urbis

112 2275 265 2338 parte
295 2267 574 2336 foderunt,
604 2287 705 2321 nec
731 2277 790 2321 ut
808 2269 1082 2338 fugerent3
1115 2269 1211 2321 sed
1233 2286 1337 2339 qua
1363 2286 1519 2322 nemo
1540 2268 1661 2322 illos
1680 2287 1782 2320 nec

60 2353 104 2387 30
121 2336 353 2389 evadere
377 2354 538 2407 posse
567 2337 846 2405 credebat,
876 2338 1003 2390 inde
1043 2339 1197 2408 quasi
1226 2345 1353 2389 nata
1382 2337 1559 2390 subito
1591 2338 1779 2390 classis

115 2407 318 2476 erupit,
353 2424 474 2459 cum
504 2407 720 2459 interim
747 2408 857 2459 iam
887 2406 1100 2473 diebus,
1133 2408 1242 2459 iam
1258 2406 1504 2459 noctibus
1523 2424 1667 2459 nova
1685 2407 1779 2458 ali·
1800 2419 1854 2460 15

116 2493 221 2546 qua
255 2477 447 2541 moleS,
487 2493 630 2528 nova
666 2477 938 2543 machina,
977 2494 1120 2529 nova
1146 2476 1479 2546 perditorum
1506 2475 1782 2528 hominum

113 2562 303 2599 manus
351 2546 506 2615 quasi
549 2563 618 2596 ex
665 2545 854 2598 obruto
892 2546 1141 2598 incendio
1182 2545 1360 2597 subita
1407 2545 1474 2597 de
1511 2545 1780 2606 cineribus

112 2613 327 2665 flamma
343 2613 611 2683 prodibat.
635 2614 925 2683 deploratis
945 2616 1239 2667 novissime
1257 2615 1420 2667 rebus
1440 2616 1663 2683 triginta
1683 2632 1781 2665 sex
1800 2617 1856 2658 16

58 2682 266 2734 ”milia
298 2684 538 2735 virorum
569 2701 625 2734 se
654 2682 998 2749 dediderunt,
1037 2701 1141 2754 quo
1180 2685 1357 2736 minus
1389 2684 1604 2748 credaS,
1645 2682 1780 2733 duce

117 2750 478 2803 Hasdrubale.
564 2759 725 2804 uanto
751 2751 943 2804 fortius
974 2753 1176 2804 femina
1203 2760 1255 2804 et
1273 2771 1411 2804 uxor
1433 2753 1610 2804 ducis!
1641 2768 1777 2820 quae
1797 2759 1850 2799 17

116 2820 498 2890 conprehensis
570 2821 742 2873 uobus
769 2820 955 2873 liberis
985 2839 1018 2872 a
1043 2822 1273 2874 culmine
1306 2840 1362 2873 se
1384 2822 1571 2873 domus
1593 2821 1649 2870 in
1671 2837 1779 2871 me-

116 2888 265 2941 dium
291 2890 436 2941 misit
466 2890 798 2956 incendium,
827 2891 1033 2942 imitata
1060 2892 1303 2960 reginam
1335 2908 1470 2960 quae
1501 2888 1781 2959 Carthagi-
