2020 3168
772 197 817 265 1,
847 199 909 250 13
937 196 1061 270 [181.
1239 269 1242 271 ,
1698 202 1759 252 19

95 342 178 388 set
194 333 433 388 consiliis
454 352 665 405 quoque
684 341 738 388 et
762 334 907 388 domi
924 352 1045 386 cum
1068 352 1198 415 rege
1217 334 1262 386 P
1331 335 1428 388 rho
1451 335 1761 388 dimicatum

87 411 192 456 est.
231 405 428 524 qnisspe
445 410 569 473 post
582 404 809 473 primam
834 404 1117 456 victoriam
1136 403 1268 455 1ntel
1292 411 1410 456 ecta
1427 405 1513 456 vir
1532 404 1760 457 callidus

0 480 22 527 J
91 474 293 524 virtute
364 489 557 526 omana
583 473 764 524 statim
792 472 1101 542 desperavit
1128 473 1293 524 armis
1317 490 1481 543 seque
1510 473 1581 526 ad
1608 473 1761 526 dolos

93 540 336 594 contulit.
385 558 512 592 nam
531 542 881 612 interemptos
909 543 1183 608 cremavit,
1208 543 1557 612 captivosque
1583 542 1756 594 indul-
1778 561 1829 601 15

0 626 1 674 f
54 635 76 667 5
92 617 284 681 genter
302 609 492 661 habuit
509 617 563 662 et
578 611 694 661 sine
688 611 884 730 ό8]ιᾷθίἰο
898 611 1149 677 restituit,
1175 611 1463 680 missisque
1489 610 1684 679 legatis
1704 613 1762 662 in

0 703 1 723 2
90 678 281 731 urbem
299 678 444 731 omni
464 677 624 731 modo
653 695 686 729 a
766 680 876 730 ’sus
899 685 981 730 est
1007 687 1068 730 ut
1090 679 1231 731 facto
1254 679 1473 748 foedere
1503 680 1561 731 in
1579 681 1760 732 amici-

34 790 38 794 .
89 749 221 800 tiam
247 747 594 816 reciperetur.
651 746 749 799 sed
777 754 831 799 et
863 746 1009 799 bello
1040 754 1094 798 et
1118 765 1252 816 pace
1272 754 1336 798 ¹et
1362 748 1496 799 foris
1532 756 1585 799 et
1615 748 1760 801 domi
1780 772 1835 814 16

91 833 303 868 omnem
319 816 378 868 in
394 822 603 884 partem
619 814 864 867 Romana
880 815 1053 867 virtus
1075 822 1191 867 tum
1222 833 1279 867 se
1298 815 1634 896 adprobavit,
1660 835 1762 869 nec

91 884 200 936 alia
223 885 398 953 magis
419 901 580 954 quam
599 883 895 936 Tarentina
921 884 1151 936 victoria
1181 884 1416 937 ostendit
1445 884 1630 955 populi
1654 886 1760 938 Ro·

19 977 77 1011 .10
91 953 239 1005 mani
261 952 649 1018 fortitudinem,
675 960 893 1005 senatus
913 954 1244 1023 sapientiam,
1271 954 1467 1006 ducum
1484 956 1760 1023 magnani-

88 1023 345 1074 mitatem.
369 1022 587 1092 quinam
598 1021 679 1073 illi
695 1022 914 1074 fuerunt
922 1022 1030 1073 viri
1046 1040 1178 1103 quos
1196 1022 1264 1075 ab
1278 1022 1576 1092 elephantis
1587 1025 1758 1093 primo
1779 1044 1831 1085 17

87 1089 293 1161 proelio
314 1089 541 1144 obtritos
562 1092 865 1160 accepimus
879 1091 907 1142 ‘2
935 1108 1171 1143 omnium
1192 1091 1419 1144 vulnera
1444 1094 1502 1143 in
1525 1100 1758 1162 pectore,

90 1158 586 1230 quidamxhostibus
619 1162 730 1212 suis
762 1167 934 1212 morte
968 1177 1066 1212 sua
1094 1162 1408 1228 conmortui,
1441 1162 1678 1213 omnium
1703 1163 1760 1213 in

88 1227 336 1280 manibus
368 1229 531 1294 ensiS,
563 1235 616 1280 et
638 1228 858 1280 relictae
888 1230 946 1280 in
973 1229 1211 1282 voltibus
1235 1230 1427 1297 minae,
1460 1238 1513 1282 et
1548 1232 1606 1281 in
1640 1233 1759 1300 ipsa

32 1320 75 1354 15
89 1304 262 1350 morte
279 1298 363 1348 ira
380 1296 619 1349 vivebat.
665 1298 811 1367 quod
833 1297 968 1350 adeo
989 1298 1232 1367 Pyrrhus
1251 1299 1475 1351 miratus
1496 1307 1578 1351 est
1601 1307 1660 1351 ut
1680 1301 1757 1352 di·
1777 1316 1830 1357 18

88 1372 234 1418 ceret
259 1371 311 1418 ‘o
343 1382 503 1435 quam
532 1365 693 1417 facile
723 1373 838 1417 erat
868 1366 1013 1418 orbis
1041 1368 1324 1436 imperium
1354 1385 1630 1437 occupare,
1668 1376 1761 1422 aut

86 1434 219 1487 mihi
242 1434 501 1486 Romanis
527 1433 789 1486 militibus
831 1434 989 1502 datis,
1029 1443 1122 1487 aut
1161 1454 1247 1487 me
1286 1454 1415 1504 rege
1450 1437 1707 1489 Romanis
1722 1440 1758 1489 2⁹

88 1521 224 1575 quae
277 1510 457 1555 autem
504 1520 688 1557 eorum
731 1505 789 1555 in
825 1504 1127 1573 reparando
1176 1507 1418 1557 exercitu
1452 1505 1753 1559 festinatio!
1777 1515 1829 1556 19

87 1590 210 1625 cum
255 1571 500 1642 Pyrrhus
546 1573 691 1625 idem
747 1578 763 1603 ‘
779 1591 809 1626 o
861 1580 977 1625 me’
1030 1575 1205 1644 inquit
1272 1574 1462 1644 ‘plane
1551 1593 1760 1628 rocrea-

11 1663 74 1697 :20
89 1648 203 1695 tum
250 1641 503 1694 Herculis
557 1644 783 1710 semine,
838 1644 925 1695 cui
962 1645 1118 1714 quasi
1168 1643 1236 1695 ab
1292 1661 1469 1713 angue
1513 1593 1758 1698 Rernaeo

87 1718 168 1763 tot
192 1728 350 1763 caesa
368 1710 602 1763 hostium
622 1713 798 1781 capita
814 1713 969 1783 quasi
989 1713 1055 1765 de
1078 1714 1339 1782 sanguine
1357 1731 1451 1766 suo
1471 1732 1758 1766 renascun-

86 1786 215 1832 tur.’
265 1781 358 1850 qui
380 1787 559 1832 autem
587 1781 680 1833 ille
706 1789 922 1833 senatus
954 1781 1082 1834 fuit!
1121 1800 1242 1834 cum
1269 1791 1557 1853 perorante
1580 1784 1757 1854 Appio
1774 1802 1830 1844 20

92 1848 268 1902 Caeco
292 1849 438 1918 pulsi
466 1867 587 1901 cum
609 1850 919 1902 muneribus
946 1852 1056 1903 suis
1086 1851 1155 1904 ab
1183 1851 1318 1904 urbe
1339 1851 1507 1921 legati
1534 1854 1758 1906 interro-

89 1921 240 1987 ganti
267 1919 386 1987 regi
416 1936 538 1985 suo,
572 1918 702 1989 quid
734 1919 801 1971 de
830 1919 1067 1971 hostium
1096 1921 1224 1972 sede
1256 1922 1540 1988 sentirent,
1569 1922 1759 1974 urbem

32 2010 75 2042 25
91 1987 351 2056 templum
371 1986 476 2038 sibi
498 1983 687 2054 visa'm,
714 1996 958 2040 senatum
986 2007 1177 2058 regum
1206 2008 1325 2042 esse
1356 1990 1754 2043 confiterentur.

88 2058 180 2126 qui
198 2073 358 2126 porro
377 2057 483 2125 ipsi
502 2057 690 2109 duces!
720 2057 809 2109 vel
829 2059 887 2109 in
906 2060 1111 2124 castris,
1138 2076 1260 2110 cum
1275 2059 1543 2111 medicum
1561 2060 1754 2113 venale
1771 2075 1825 2115 21

85 2127 232 2194 regis
253 2133 412 2194 caput
431 2125 744 2178 offerentem
764 2126 959 2179 Curius
977 2128 1199 2194 remisit,
1219 2128 1502 2180 Fabricius
1523 2129 1758 2181 oblatam

90 2193 194 2246 sibi
213 2211 246 2245 a
263 2211 393 2262 rege
422 2195 635 2263 imperii
703 2203 873 2247 artem
900 2196 1233 2266 repudiavit3
1266 2197 1355 2248 vel
1374 2198 1431 2248 in
1455 2216 1603 2267 pace,
1637 2216 1757 2250 cum
1774 2218 1829 2258 22

90 2262 285 2315 Curius
309 2262 497 2314 fictilia
528 2281 626 2315 sua
649 2214 940 2316 §amitino
970 2265 1269 2335 praeferret
1297 2283 1443 2333 auro,
1472 2267 1755 2319 Fabricius

16 2347 76 2382 <230
91 2332 278 2384 decem
306 2331 485 2401 pondo
517 2335 727 2401 argenti
756 2335 900 2385 circa
923 2334 1177 2386 Rufinum
1210 2335 1547 2388 consularem
1574 2337 1752 2387 virum

88 2402 242 2471 quasi
271 2400 539 2452 luxuriam
563 2406 807 2455 censoria
835 2404 1103 2472 gravitate
1125 2404 1419 2457 damnaret.
1473 2405 1591 2475 quis
1623 2423 1750 2474 ergo
1768 2418 1824 2458 23

86 2471 308 2522 miretur
327 2469 411 2521 his
435 2470 672 2523 moribus
701 2490 765 2524 ea
793 2474 993 2525 virtute
1012 2473 1243 2525 militum
1262 2474 1557 2526 exercitum
1573 2474 1759 2544 populi

87 2538 318 2592 Romani
347 2538 532 2605 fuisse,
569 2558 782 2611 unoque
805 2541 949 2595 bello
975 2542 1267 2596 Tarentino
1300 2544 1444 2595 intra
1474 2543 1756 2613 quadrien-
1786 2602 1788 2604 ,

88 2609 238 2659 nium
254 2609 544 2659 maximam
572 2618 780 2678 partem
797 2610 1012 2678 Italiae,
1046 2612 1368 2664 fortissimas
1387 2620 1599 2681 genteS,
1629 2630 1755 2681 opu-

19 2697 77 2732 rss
92 2676 418 2728 lentissimas
438 2678 599 2733 urbes
620 2678 1023 2751 uberrimasque
1043 2681 1294 2749 regiones
1317 2681 1596 2749 subegisse
1610 2681 1637 2731 ‘?
1665 2687 1756 2732 aut
1771 2691 1829 2730 24

91 2746 222 2815 quid
239 2746 374 2799 adeo
394 2746 555 2799 fidem
580 2756 807 2828 superet,
837 2767 996 2819 quam
1026 2752 1072 2802 si
1096 2753 1361 2822 principia
1377 2750 1647 2802 bellicum
1664 2767 1754 2801 ex-

89 2814 170 2865 itu
189 2815 575 2868 conferantur?
603 2826 777 2869 vlctor
805 2819 977 2887 primo
1038 2818 1205 2872 roelio
1225 2819 1484 2890 PyrrhUS,
1515 2826 1628 2870 tota
1648 2826 1754 2870 tre-

89 2891 268 2935 mente
300 2882 595 2954 Campania
623 2885 795 2938 Lirim
828 2886 1005 2956 Frege
1028 2887 1215 2958 lasque
1246 2887 1554 3007 populat1213,
1586 2905 1755 2958 prope
