2020 3168
778 228 1126 268 PRAEFATIO.
1753 231 1863 268 XIII
1916 272 1923 277 ,

52 349 352 398 consentiebat
366 350 647 407 praeferant,
671 353 719 392 ut
742 349 962 406 scriptum
990 353 1059 391 est
1079 349 1126 392 in
1147 349 1198 404 B,
1218 347 1305 393 sed
1329 348 1392 392 ita
1413 352 1461 392 ut
1479 350 1626 393 littera
1646 362 1675 392 n
1698 349 1861 393 eadem

50 433 190 465 manu
216 431 357 476 super
380 419 549 464 lineam
581 417 739 463 addita
769 418 841 464 sit.
876 440 946 447 -—
989 420 1069 472 54,
1112 422 1170 464 10
1195 418 1398 476 parique
1428 418 1634 462 violentia
1659 423 1863 462 ruentem

49 489 238 534 ulterius
264 487 434 532 hostem
464 488 663 547 quadam
700 488 835 546 quasi
874 499 1014 530 manu
1064 483 1277 546 reppulit]
1315 499 1400 544 pro
1442 487 1641 544 quadam
1678 487 1863 544 scripsit

49 557 237 602 Iahnius
257 571 316 601 ex
337 557 460 602 coni.
498 556 682 615 Hauptii
704 556 885 606 eadem3
916 554 1132 614 equidem
1158 555 1365 614 explico:
1395 556 1526 613 quasi
1545 557 1637 600 ictu
1661 556 1860 614 quodam

51 626 328 685 gladiatorio
356 626 583 688 reppulit;
627 625 811 670 videtur
839 626 962 670 enim
1000 626 1169 670 locutio
1205 626 1514 684 proverbialis
1550 629 1621 681 (ut
1656 626 1762 670 item
1793 629 1863 670 est

3 743 6 746 Δ
51 710 97 754 p.
122 698 195 750 84,
224 700 282 743 30
299 697 435 753 quasi
453 708 546 739 una
566 695 742 750 manu),
764 708 822 738 ex
851 707 1085 739 armorum
1104 695 1354 739 certamine
1383 694 1642 752 desumpta,
1670 695 1860 752 cs.inpr.

53 764 236 820 Quintil.
280 763 426 808 Instit.
451 767 568 808 orat.
592 763 738 818 VIIII,
768 769 820 818 l,
854 767 936 810 20:
982 762 1189 823 Namque
1211 767 1262 807 ut
1286 765 1334 807 in
1365 777 1599 808 armorum
1617 766 1864 808 certamine

0 832 4 836 ’
48 834 266 879 adversos
282 834 396 878 ictus
412 837 455 878 et
470 837 620 877 rectas
638 845 696 877 ac
713 833 938 891 simplices
955 844 1118 876 manus
1137 844 1238 877 cum
1256 832 1420 888 videre,
1443 836 1534 877 tum
1554 834 1684 877 etiam
1702 845 1864 879 cavere

48 915 110 948 ac
121 903 407 961 propulsare
426 902 567 961 facile
586 906 679 957 est,
711 913 991 959 eversaeque
1022 905 1253 960 tectaeque
1277 904 1425 947 minus
1443 906 1550 947 sunt
1564 901 1866 948 observabiles

51 978 137 1016 etc.
167 996 237 1004 —
264 975 345 1027 54,
373 975 432 1019 24
455 986 485 1015 a
511 983 620 1030 reqe
645 971 710 1016 N:
750 977 794 1016 et
820 983 927 1030 reqe
945 970 1008 1026 B;
1037 964 1099 1015 ea:
1122 983 1229 1030 reqe
1254 972 1516 1029 suspicatur
1542 971 1861 1016 Woelfflinus.

46 1067 119 1077 —
167 1043 250 1097 54,
279 1045 338 1088 30
364 1043 643 1087 revivescunt
665 1041 774 1086 BN:
810 1041 1082 1086 reviviscunt
1114 1040 1167 1086 Ο.
1209 1064 1270 1071 -
1305 1046 1386 1097 55,
1412 1044 1469 1088 24
1494 1041 1779 1098 Euphratem
1799 1041 1860 1085 B:

46 1110 321 1168 Euphraten
362 1110 459 1156 ΝΟ.
488 1135 558 1141 —-
594 1115 677 1165 55,-
693 1112 750 1158 27
769 1112 937 1170 quippe
960 1110 1096 1169 quasi
1112 1111 1409 1155 commilitans
1436 1124 1538 1155 cum
1562 1111 1648 1155 dea
1674 1111 1741 1155 H:
1773 1111 1861 1155 dea

49 1193 141 1224 om.
163 1180 228 1234 N3
256 1181 425 1238 quippe
449 1193 608 1224 comm.
634 1193 737 1224 cum
761 1181 896 1238 quasi
920 1179 1008 1224 dea
1028 1179 1091 1234 B;
1135 1181 1302 1239 quippe
1321 1193 1479 1226 comm.
1498 1182 1634 1238 quasi
1655 1180 1740 1225 olea
1759 1193 1862 1225 cum

50 1248 104 1294 Ο.
125 1271 191 1280 -
214 1242 297 1302 56,
323 1253 351 1297 9
378 1249 552 1294 obsides
581 1249 643 1294 O:
676 1253 719 1293 et
743 1249 917 1293 obsides
942 1248 1048 1303 BN,
1081 1249 1182 1294 sort.
1219 1253 1368 1305 recle,
1407 1251 1445 1295 si
1474 1255 1646 1294 statuas
1686 1249 1862 1307 aliquid

48 1321 155 1361 ante
185 1323 227 1361 et
256 1317 532 1364 desiderari.
569 1343 638 1349 —
668 1321 749 1374 56,
787 1322 842 1366 16
865 1314 993 1377 illud]
1022 1317 1102 1362 illu
1126 1318 1175 1364 B.
1203 1343 1272 1350 —
1302 1322 1372 1375 56,
1397 1324 1451 1366 22
1475 1320 1657 1376 imperii
1671 1319 1864 1363 habebat

49 1386 111 1431 B:
133 1386 325 1430 habebat
339 1389 521 1445 imperii
542 1386 638 1431 ΝΟ.
666 1410 735 1417 —
777 1390 847 1443 57,
871 1392 899 1433 2
920 1386 1124 1431 turbaret
1146 1387 1359 1432 codices:
1391 1389 1542 1433 turbat
1566 1393 1608 1432 et
1632 1388 1666 1432 Ο
1697 1401 1756 1432 ex
1776 1403 1862 1433 sua

51 1456 172 1500 coni.
201 1473 272 1491 —‘-
308 1459 386 1511 57,
418 1459 447 1503 4
472 1455 703 1500 Phaselim
738 1457 799 1500 B:
838 1456 1056 1500 Phaselin
1080 1456 1174 1502 ΝΟ.
1216 1481 1288 1489 -
1333 1461 1388 1505 57
1407 1492 1418 1512 ,
1449 1463 1507 1504 20
1534 1457 1693 1501 Atilius
1721 1459 1754 1502 I.
1785 1458 1860 1501 Fr.

49 1525 312 1570 Gronovius
349 1525 460 1582 (sed
486 1525 643 1570 addito
681 1527 982 1584 praenomine
1012 1525 1117 1582 P.):
1152 1526 1367 1571 Gratillus
1406 1526 1508 1581 ΒΟ,
1551 1527 1775 1584 9ναίίῖἶὶιι3
1804 1527 1860 1571 Ν.

50 1593 117 1640 Cf.
139 1595 342 1653 Appiani
361 1595 565 1640 Mithrid.
591 1609 630 1640 c.
656 1599 730 1643 95.
761 1623 833 1630 —
875 1597 947 1650 57,
974 1599 1029 1642 21
1051 1594 1328 1654 Pomponius
1353 1596 1592 1640 Dukerus:
1621 1595 1863 1654 Pompeius

47 1663 185 1709 BNO.
234 1689 304 1695 —
338 1668 417 1722 57,
446 1666 504 1713 23
540 1665 755 1724 Libycum
779 1664 996 1711 Lentulus
1027 1663 1326 1711 Marcellinus
1368 1666 1731 1719 Mommsenius,
1770 1679 1859 1723 quo

48 1737 238 1778 auctore
268 1739 312 1779 et
331 1735 450 1780 haec
481 1737 664 1780 correxi
693 1740 738 1779 et
764 1749 882 1793 quae
920 1739 1176 1792 sequuntur
1205 1736 1395 1781 meliore
1426 1737 1675 1781 verborum
1702 1734 1861 1779 distin-

47 1803 200 1847 ctione
220 1803 450 1849 ordinavi.
527 1804 562 1849 Ο
591 1819 693 1850 cum
726 1806 917 1863 vulgata
947 1804 1107 1849 habet:
1135 1805 1351 1849 Lentulus
1374 1804 1607 1864 Libycum,
1626 1804 1860 1849 Marcelli-

47 1873 167 1917 linus
196 1872 488 1932 Aeqypstum,
516 1873 709 1932 Pompei
729 1876 910 1920 iuvenes
928 1874 1277 1925 Hadriaticum;
1327 1874 1477 1920 Varro
1509 1874 1744 1919 Terentius
1775 1874 1862 1918 Ae-

41 1954 237 2000 qaeum;
268 1948 312 1986 et
341 1943 578 1988 Ponticum
608 1949 650 1988 et
681 1943 1000 2002 Pamphylium
1026 1943 1260 1997 Metellus,
1294 1944 1541 1989 Asiaticum
1568 1945 1732 2001 Caepio
1772 1949 1859 1987 etc.

45 2011 111 2055 De
136 2011 326 2055 Lentulo
357 2013 626 2057 Marcellino
653 2029 701 2059 v.
722 2013 842 2070 App.
871 2015 898 2058 l.
929 2026 997 2067 c.,
1030 2013 1087 2057 de
1115 2013 1327 2058 Terentio
1352 2014 1563 2058 Varrone
1591 2013 1794 2058 eundem
1819 2018 1862 2056 et

50 2093 170 2138 quae
194 2081 296 2138 ipse
317 2081 375 2126 de
397 2082 591 2139 imperio
624 2096 708 2127 suo
732 2083 921 2127 tradidit
950 2083 996 2126 in
1027 2084 1057 2127 l.
1087 2083 1144 2127 de
1164 2096 1214 2126 re
1241 2087 1355 2128 rust.
1376 2083 1414 2127 11
1440 2085 1590 2140 praef.
1618 2108 1686 2115 —-
1715 2085 1784 2138 57,
1804 2084 1859 2130 27

43 2152 181 2208 quasi
212 2155 352 2208 porta
383 2151 595 2209 Lipsius:
635 2154 770 2210 quasi
809 2156 995 2210 portam
1033 2151 1179 2207 BNO3
1222 2154 1288 2197 sic
1324 2152 1480 2197 obditis
1509 2153 1697 2198 navibus
1731 2154 1866 2211 quasi

39 2223 178 2276 porta
198 2219 322 2264 idem
347 2226 418 2266 est
441 2222 566 2279 quod
591 2222 780 2267 navibus
808 2227 859 2266 ut
880 2225 1019 2279 porta
1048 2221 1218 2277 obditis,
1242 2236 1381 2280 quam
1399 2223 1677 2267 locutionem
1697 2223 1860 2266 Florus

47 2290 95 2332 in
117 2288 297 2334 deliciis
325 2289 507 2345 habuit3
538 2306 582 2336 v.
606 2306 652 2348 p.
678 2295 749 2346 26,
783 2296 837 2338 21
865 2290 1076 2337 Romana
1102 2293 1263 2336 classis
1290 2315 1361 2324 --
1385 2316 1453 2322 -
1473 2294 1541 2337 sic
1565 2294 1701 2337 remis
1730 2293 1866 2351 quasi

42 2358 230 2402 habenis
248 2359 491 2418 aqebatur;
509 2365 580 2414 56,
596 2365 654 2408 30
676 2363 741 2406 sic
760 2363 911 2406 maria
930 2361 1041 2406 bello
1065 2362 1202 2420 quasi
1216 2365 1475 2420 tempestate
1488 2362 1859 2420 praecluserant.

44 2441 91 2485 p.
113 2431 170 2474 60
184 2463 194 2481 ,
227 2432 255 2475 4
282 2435 457 2487 qentem
480 2432 546 2474 sic
568 2431 615 2475 in
639 2431 771 2475 sedes
794 2443 905 2476 suas
927 2434 1062 2490 quasi
1080 2444 1243 2490 qreqes
1273 2433 1321 2476 in
1344 2431 1566 2477 stabulum
1591 2438 1755 2489 pastor
1785 2443 1859 2475 re⁴

43 2498 190 2542 duxit·
230 2513 275 2556 p.
303 2502 382 2553 61,
410 2504 463 2546 ll
502 2513 604 2544 cum
638 2500 849 2546 Rhenum
879 2514 1009 2546 suum
1037 2503 1103 2546 sic
1120 2505 1263 2558 ponte
1287 2503 1423 2560 quasi
1446 2502 1548 2560 iuqo
1577 2506 1761 2559 captum
1793 2502 1858 2546 vi—

42 2566 219 2611 derent.
260 2569 366 2612 add.
393 2583 439 2625 p.
467 2571 546 2625 75,
590 2573 661 2617 36.
708 2574 785 2623 92,
813 2573 856 2618 7.
900 2596 970 2604 -
999 2574 1080 2624 58,
1111 2576 1167 2618 10
1193 2571 1418 2617 Creticum
1448 2571 1631 2627 bellum,
1670 2573 1713 2615 si
1746 2582 1858 2617 vera

41 2636 266 2690 volumus,
313 2650 395 2684 nos
418 2638 612 2696 fecimus
621 2656 637 2689 ‚⁴
666 2641 763 2684 sola
792 2643 909 2685 enim
936 2641 1146 2686 vincendi
1175 2641 1364 2686 nobilem
1400 2632 1597 2686 insulam
1633 2641 1863 2698 cupiditas

37 2704 169 2763 fecit]
197 2709 314 2752 enim
335 2722 423 2751 om.
448 2708 615 2762 codd.;
642 2709 828 2754 Iahnius
858 2723 940 2755 nos
964 2710 1158 2768 fecimus
1178 2711 1357 2755 uncinis
1385 2710 1712 2764 circumdedit,
1740 2710 1858 2755 duas

44 2774 258 2822 diversas
286 2778 508 2822 lecfiones
533 2779 753 2823 consusas
779 2793 884 2824 esse
911 2784 1064 2836 ratus3
1094 2781 1147 2824 cf.
1172 2782 1272 2825 eius
1295 2782 1490 2838 praefat.
1516 2795 1560 2838 p.
1588 2780 1768 2824 XXIIII.
1788 2803 1859 2812 —-

41 2847 115 2897 58,
139 2848 195 2893 26
224 2848 483 2902 Antonium]
513 2848 650 2892 immo
685 2847 926 2904 Octavium,
959 2850 1049 2894 nisi
1075 2854 1145 2894 est
1172 2864 1300 2894 error
1319 2851 1441 2894 Flori
1468 2850 1633 2907 ipsius,
1710 2850 1857 2894 Habet

42 2912 213 2958 deinde
242 2916 277 2959 B
299 2918 343 2960 in
373 2917 533 2971 aliam,
570 2930 660 2961 non
683 2918 728 2961 in
748 2919 878 2974 alim,
919 2924 965 2962 ut
996 2923 1065 2963 est
1093 2918 1217 2976 apud
1245 2919 1278 2963 O
1309 2933 1554 2977 operarum
1584 2933 1758 2965 errore.
1787 2941 1861 2949 —-
