2020 3168
0 350 8 614 ᾗ

0 678 18 871 ἓ,

512 200 686 239 LIBER
715 198 1094 239 immortuus,
1133 183 1320 237 XLVI
1335 217 1404 225 —
1425 186 1489 238 L.
1775 192 1838 241 31

597 364 861 418 XLVIII.
915 363 1021 416 DE
1060 363 1413 417 COMITIIS.

308 465 541 518 Comitia
578 464 827 516 dicuntur
864 481 898 515 a
935 465 1190 516 comitatu
1227 471 1279 515 et
1323 463 1651 534 frequentia,
1696 467 1839 535 quod
1859 483 1881 523 1

162 541 346 605 patres
400 542 453 586 et
499 533 698 586 classes
757 532 829 584 ad
874 532 1132 602 suffragia
1171 540 1434 585 vocantur
1489 534 1842 587 creandorum

163 605 575 672 magistratuum
608 602 699 654 vel
738 602 1078 654 sacerdotum
1113 620 1293 654 causa.
1371 602 1886 660 Comitiorum‘au-2

127 679 273 725 stem
302 672 505 743 triplex
533 673 670 724 ratio
701 678 808 723 est:
845 671 981 723 haec
1010 673 1242 739 curiata,
1278 672 1413 724 haec
1446 672 1676 740 tributa,
1706 673 1842 726 haec

167 743 465 794 centuriata
501 740 777 806 dicuntur,
827 741 953 810 quia
988 748 1079 792 aut
1110 742 1209 810 per
1240 742 1443 807 curias,
1488 749 1581 793 aut
1614 761 1712 812 per
1746 744 1841 794 tri-

162 810 426 877 bussaut
460 828 559 880 per
604 810 874 862 centurias
918 809 1275 879 explicantur.
1353 809 1411 862 Si
1447 811 1840 863 translaticium
1858 831 1886 872 3

166 881 236 931 sit
269 885 323 931 et
356 879 595 946 solitum,
643 878 711 931 de
782 895 851 930 uo
898 879 1129 949 populus
1169 878 1198 909 '³‘
1219 879 1273 945 ²¹⁶,
1327 880 1548 931 curiatis
1587 882 1840 950 transigi-

161 955 274 1000 tur:
316 949 362 1000 si
399 948 652 1018 amplius,
690 948 763 999 tri
800 947 936 999 utis:
989 949 1036 1000 si
1062 949 1119 1000 in
1157 965 1362 1001 summo
1395 949 1705 1002 discrimine
1744 957 1839 1017 est,

9 1035 13 1037 ⁴
108 1034 149 1068 ιο
163 1024 279 1068 tum
315 1017 470 1070 miles
515 1018 586 1070 ad
625 1017 885 1086 suffragia
913 1025 1153 1070 *vocatur
1190 1025 1242 1070 et
1286 1019 1504 1071 comitia
1542 1020 1844 1072 centuriata

164 1086 433 1139 dicuntur.

265 1179 557 1233 XLVIIII.
628 1185 725 1233 DE
765 1182 1022 1234 POPVLI
1060 1183 1335 1233 ROMANI
1371 1143 1655 1234 DISTRIB
1670 1187 1742 1235 V-

281 1296 283 1298 r
824 1265 899 1314 TI
897 1264 1015 1315 ΟΝ]
1014 1266 1063 1313 Β
1077 1263 1172 1315 VS.

302 1358 697 1428 Antiquissima
741 1356 929 1428 populi
978 1356 1209 1409 Romani
1270 1354 1577 1414 distributio
1639 1357 1839 1427 triplex
1858 1371 1880 1412 1-

6 1424 46 1458 ‚⁸
107 1446 149 1480 15
167 1435 271 1494 est,
327 1445 488 1498 quam
520 1426 784 1478 Romulus
818 1426 974 1478 fecit:
1012 1427 1070 1477 in
1114 1442 1324 1493 regem,
1362 1426 1420 1476 in
1462 1431 1731 1493 senatum,
1781 1428 1841 1478 in

162 1495 446 1568 populum,
499 1497 591 1566 qui
624 1494 856 1566 populus
888 1496 947 1546 in
980 1500 1091 1547 tres
1125 1494 1298 1546 tribus
1335 1493 1704 1562 dividebatur,
1749 1494 1839 1547 Ti-

163 1566 421 1633 tiensem,
476 1565 864 1631 Lucerensem,
922 1563 1258 1616 Ramnetem.
1363 1561 1605 1634 Sequens
1652 1563 1885 1635 populi2

166 1635 397 1687 Romani
440 1634 746 1688 distributio
793 1635 895 1686 sub
937 1632 1128 1686 Servio
1167 1632 1347 1685 Tullio
1381 1650 1540 1702 rege,
1623 1635 1682 1685 ui
1719 1652 1840 1686 eum

166 1706 223 1757 in
259 1704 459 1771 tribuS,
517 1703 745 1772 classeS,
803 1704 1073 1757 centurias
1124 1702 1310 1756 divisit
1358 1710 1410 1755 et
1448 1702 1602 1755 distri
1640 1705 1721 1755 uit
1755 1721 1838 1754 ra-

105 1776 311 1831 zotione
343 1792 563 1840 censuS,
602 1780 663 1825 ut
688 1775 920 1845 optimus
959 1779 1011 1825 et
1037 1773 1492 1842 locupletissimus
1529 1774 1755 1843 quisque
1783 1774 1839 1824 in

164 1844 463 1914 suffragiis,
493 1843 552 1896 id
581 1849 662 1896 est
688 1844 745 1894 in
778 1860 838 1895 re
867 1840 1403 1912 publicaplurimum
1431 1842 1654 1894 valeret.
1704 1841 1833 1893 Ter·
1854 1852 1886 1895 3

162 1915 240 1966 tia
276 1913 474 1966 divisio
510 1920 591 1966 est
625 1914 682 1964 in
720 1918 976 1983 patronos
1015 1918 1068 1963 et
1104 1911 1411 1979 clientelaS,
1456 1913 1585 1982 quia
1621 1911 1839 1964 inferio-

162 2001 249 2034 res
282 1984 620 2054 superiorum
648 2000 708 2034 se
743 1981 872 2034 fidei
913 1980 1335 2033 committebant.

546 2088 612 2139 L.
685 2088 790 2140 DE
824 2085 1067 2141 REBVS
1102 2084 1465 2139 PVBLICIS.

106 2206 149 2237 25
304 2181 506 2232 Rerum
534 2180 875 2251 publicarum
900 2182 1007 2233 tria
1034 2197 1236 2251 genera
1265 2186 1412 2232 sunt:
1441 2180 1676 2248 regium,
1706 2181 1843 2250 opti-

166 2258 391 2316 matum,
446 2250 722 2320 populare.
812 2252 926 2303 Aut
967 2253 1109 2303 enim
1154 2249 1253 2302 sub
1299 2266 1490 2318 regum
1537 2256 1661 2301 sunt
1732 2257 1839 2301 ote-

169 2327 331 2386 state‚
384 2326 444 2370 ut
479 2317 726 2372 Seleucia
767 2319 1116 2374 Parthorum:
1166 2326 1259 2371 aut
1299 2325 1543 2385 senatuS‚
1585 2326 1646 2371 ut
1755 2337 1838 2370 as—

167 2389 288 2440 silia
337 2387 640 2441 Gallorum:
696 2398 790 2442 aut
843 2408 900 2443 se
954 2392 1059 2461 ipsi
1105 2395 1326 2458 regunt,
1373 2395 1434 2440 ut
1477 2388 1839 2440 Athenienses

156 2458 430 2510 solebant.
505 2457 608 2510 Est
646 2467 698 2511 et
764 2467 979 2512 uartum
1014 2477 1215 2531 geum,
1254 2458 1397 2529 quod
1433 2457 1665 2509 Romani
1701 2471 1840 2509 com-

108 2528 333 2579 somenti
371 2534 519 2593 sunt,
560 2533 621 2579 ut
656 2547 726 2581 ex
794 2529 841 2581 is
871 2529 1044 2587 tribus
1082 2547 1249 2582 unum
1286 2527 1589 2579 efficerent:
1633 2543 1759 2577 nam
1788 2534 1842 2579 et

166 2598 372 2665 regiam
402 2603 722 2666 potestatem
757 2599 1006 2651 consules
1044 2598 1270 2663 habent,
1309 2605 1363 2648 et
1396 2614 1563 2667 penes
1594 2602 1839 2648 senatum

165 2666 377 2717 consilii
405 2664 608 2735 publici
637 2685 842 2719 summa
861 2676 971 2735 est,
1004 2676 1056 2720 et
1082 2667 1237 2739 plebs
1268 2666 1431 2718 habet
1461 2665 1841 2735 suffragiorum

162 2741 497 2803 potestatem.

830 2914 1169 2922 ——-————-——--
