2020 3168
81 216 143 254 IV
473 228 477 233 ·
823 214 1168 252 PRAEFATIO.

442 332 556 376 diem
589 345 636 388 p.
670 334 749 386 13,
787 336 840 379 15
871 331 1010 375 huius
1041 331 1256 381 editionis
1276 367 1286 387 ,
1326 332 1543 377 desinunt
1563 347 1609 391 p.
1630 336 1714 388 34,
1738 337 1766 380 9
1792 341 1898 391 post

440 401 616 458 puduit.

262 496 266 498 -
290 472 337 514 Ie
355 487 427 508 ==
448 471 750 526 fragmentum
799 468 1011 513 Iordanis
1064 471 1111 513 in
1154 469 1316 514 codice
1342 470 1621 514 Emmerano
1668 473 1768 515 sive
1810 469 1901 516 Ra-

447 538 730 595 tisbonensi,
766 538 903 603 quodx
919 537 1088 582 desinit
1113 552 1157 595 p.
1180 544 1258 596 ll,
1298 542 1366 586 17.
1589 538 1592 543 “

293 609 427 665 Ip=
447 605 597 650 codex
626 598 934 664 Pollingensis
961 607 1187 652 Iordanis.

294 677 328 721 Ο
353 693 425 713 =
447 674 650 720 Iahnius.

292 746 331 789 H
350 761 422 783 =
440 745 664 788 Halmius.

221 816 336 872 Pag.
360 817 388 861 3
405 849 415 869 ,
435 819 491 860 22
518 814 709 871 scripsi:
746 819 958 872 quattuor
985 815 1207 873 qradibus
1233 814 1408 860 Romae
1433 817 1578 871 [aetas
1601 815 1810 860 distincta
1834 817 1900 862 vi-

81 885 268 929 debitur.
295 885 451 941 prima
472 884 617 939 aetas]
653 883 734 927 sub
753 883 932 941 regibus
944 883 1040 942 fuit
1060 889 1145 928 etc.
1192 885 1347 930 Verba
1378 885 1557 930 inclusa
1591 884 1757 929 desunt
1775 885 1821 929 in
1848 885 1902 941 B,

82 955 128 998 in
159 968 247 1011 quo
278 953 517 1010 probabile
549 956 618 995 est
652 952 864 997 lacunam
885 953 951 997 sic
972 958 1180 998 exortam
1204 967 1310 999 esse
1328 989 1338 1009 ,
1367 959 1415 999 ut
1440 955 1654 999 librarius
1681 957 1738 999 ab
1759 955 1901 998 altero

82 1029 210 1067 aetas
237 1023 296 1066 ad
321 1024 511 1066 alterum
535 1020 659 1079 quod
685 1024 961 1079 sequebatur
983 1024 1219 1068 aberraret
1239 1023 1483 1081 mediaque
1502 1023 1903 1081 praetermitteret.

82 1094 316 1137 Lacunam
345 1097 591 1147 utcumque
619 1092 807 1148 explere
836 1096 1028 1135 conatus
1062 1106 1188 1147 sum,
1227 1097 1272 1136 ut
1291 1094 1422 1137 locus
1453 1093 1618 1137 saltem
1642 1093 1742 1136 sine
1771 1103 1902 1136 mora

83 1161 175 1219 legi
199 1165 377 1218 posset.
431 1159 479 1202 In
510 1159 649 1203 codd.
679 1164 830 1203 autem
859 1160 1166 1205 deterioribus
1198 1162 1375 1205 ablecto
1405 1174 1512 1205 voc.
1545 1160 1744 1216 Romae,
1776 1159 1903 1218 quod

81 1231 271 1275 Iahnius
298 1244 324 1273 a
346 1227 450 1274 cod.
483 1228 519 1272 B
540 1230 656 1272 bene
686 1233 920 1273 servatum
938 1243 1031 1273 non
1055 1229 1251 1274 debebat
1287 1230 1472 1275 abicere
1489 1265 1500 1285 ,
1543 1229 1681 1274 foeda
1707 1231 1905 1287 interpo-

84 1300 193 1344 latio
214 1302 473 1356 propagata
500 1303 586 1342 est.
639 1299 780 1342 Paulo
808 1304 914 1355 post
943 1312 989 1342 v.
1010 1303 1082 1355 23,
1107 1302 1163 1346 26
1191 1304 1234 1343 et
1252 1303 1311 1347 30
1330 1313 1548 1344 numeros
1577 1300 1622 1342 in
1647 1298 1787 1343 codd.
1814 1305 1905 1344 tra-

85 1369 232 1422 ditos,
269 1380 547 1425 quamquam
579 1368 721 1411 falsos
755 1381 860 1411 esse
893 1381 1045 1412 rerum
1072 1368 1268 1413 historia
1296 1369 1556 1424 convincit,
1590 1368 1903 1414 restituendos

84 1438 268 1496 putavi,
292 1437 468 1482 veritus
496 1450 553 1480 ne
575 1437 940 1481 correctionibus
962 1436 1189 1481 editorum
1212 1437 1430 1484 admissis
1459 1437 1731 1495 scriptorem
1751 1438 1904 1495 ipsum

88 1508 391 1564 corrigerem.
452 1505 650 1549 Accedit
681 1506 806 1562 quod
832 1519 924 1549 una
951 1507 1166 1562 mutatio,
1208 1509 1468 1564 quaefacta
1489 1512 1583 1560 est,
1623 1506 1759 1551 etiam
1789 1507 1905 1550 falsa

87 1582 183 1632 est3
218 1589 326 1619 nam
349 1576 426 1632 qui
458 1588 571 1632 pag.
595 1580 646 1630 3,
668 1578 723 1622 26
752 1576 1044 1620 nominantur
1081 1577 1298 1620 consules
1341 1581 1447 1621 sunt
1473 1574 1655 1633 Appius
1686 1574 1905 1620 Claudius

89 1646 288 1690 Pulcher
317 1650 360 1688 et
383 1644 435 1698 Q.
467 1645 658 1688 Fulvius
684 1644 879 1689 Flaccus
907 1645 967 1688 ΙΙΙ
997 1646 1080 1699 (cf.
1109 1658 1154 1701 p.
1177 1648 1260 1701 32,
1281 1649 1339 1694 26
1361 1647 1480 1703 sq.),
1509 1646 1584 1702 qui
1614 1646 1906 1689 consulatum

89 1719 344 1773 gesserunt
363 1727 405 1756 a.
432 1718 517 1760 212
538 1727 580 1757 a.
610 1712 714 1758 Chr.
742 1727 812 1769 n.;
840 1713 1146 1759 conficiuntur
1173 1715 1311 1773 igitur
1330 1716 1437 1759 anni
1461 1716 1554 1759 fere
1578 1715 1781 1768 trecenti,
1811 1727 1904 1757 non

90 1783 222 1838 CCD,
265 1788 310 1826 ut
342 1783 546 1827 editores
583 1784 669 1827 sibi
690 1784 1018 1841 corrigendum
1055 1789 1346 1841 putaverunt.
1377 1809 1448 1815 —
1474 1787 1526 1840 4,
1562 1786 1620 1831 24
1645 1785 1772 1827 cuius
1800 1784 1907 1828 dum

87 1856 321 1912 anqustias
344 1852 515 1898 Remus
533 1855 747 1910 increpat
763 1855 895 1909 saltu,
926 1853 1104 1897 dubium
1129 1867 1189 1897 an
1212 1855 1337 1898 iussu
1358 1853 1530 1912 fratris
1551 1853 1726 1897 occisus
1746 1858 1811 1897 est
1832 1851 1905 1907 O:

87 1925 214 1968 cuius
244 1923 349 1967 dum
381 1924 614 1980 anqustias
638 1922 809 1966 Remus
839 1924 1050 1979 increpat
1082 1923 1202 1967 saltu
1229 1924 1461 1967 transiluit
1489 1922 1669 1967 dubium
1698 1926 1784 1965 etc.
1820 1920 1904 1976 1313

87 1995 216 2038 cuius
258 1993 364 2036 dum
403 1992 570 2036 inridet
594 1993 827 2049 angustias
859 1992 918 2036 R.
953 1992 1086 2050 idque
1129 1994 1340 2049 increpat
1365 1993 1543 2037 dubium
1576 1997 1662 2035 etc.
1696 1992 1751 2035 N.
1811 1989 1908 2035 Ad-

89 2062 195 2106 misi
223 2061 370 2106 Iahnii
401 2061 792 2117 emendationem,
826 2075 1104 2119 quamquam
1126 2062 1226 2118 ipse
1255 2064 1301 2105 in
1330 2075 1431 2105 eam
1451 2061 1604 2118 potius
1632 2060 1906 2105 sententiam

91 2131 260 2175 inclino
291 2135 340 2174 ut
365 2131 484 2174 saltu
517 2130 831 2175 inducendum
870 2135 913 2174 et
945 2135 1065 2189 totus
1100 2132 1231 2176 locus
1255 2132 1323 2174 sic
1360 2131 1635 2175 scribendus
1662 2131 1743 2174 sit:
1779 2130 1908 2173 cuius

90 2201 197 2245 dum
225 2201 460 2257 anqustias
479 2200 539 2244 R.
567 2202 798 2256 increpat,
831 2201 1059 2244 transiluit
1078 2205 1142 2256 et,
1179 2200 1357 2245 dubium
1377 2214 1438 2245 an
1462 2201 1588 2244 iussu
1608 2199 1803 2257 fratris,
1829 2210 1904 2242 oc-

92 2271 215 2315 cisus
240 2274 318 2315 est.
347 2291 415 2298 —
442 2274 491 2323 5,
512 2274 568 2315 22
598 2272 674 2314 eui
693 2272 764 2313 rei
785 2283 895 2314 mox
922 2271 967 2312 Ie
994 2294 1061 2299 —
1087 2273 1188 2324 6,·3
1208 2274 1441 2329 artemque
1467 2269 1664 2313 bellandi
1688 2269 1776 2312 IN:
1825 2280 1907 2310 ar-

93 2344 267 2397 temque
292 2338 549 2382 debetlandi
570 2338 664 2383 ΒΟ.
698 2359 765 2371 -·
797 2343 848 2394 6,
877 2341 906 2385 4
955 2340 1158 2396 paenitet
1178 2352 1269 2383 non
1291 2339 1538 2396 scripsisse
1560 2339 1813 2383 exercitata
1838 2338 1907 2380 iu-

92 2414 293 2464 ventute,
336 2412 384 2451 ut
410 2412 480 2451 est
506 2407 554 2451 in
574 2409 647 2463 Ie3
689 2422 794 2452 nam
823 2409 959 2453 habet
987 2408 1023 2451 B
1049 2410 1295 2453 exercitate
1326 2410 1576 2463 iuventute,
1615 2408 1797 2465 syllaba
1829 2418 1907 2448 ex-

92 2484 239 2521 trema
259 2477 487 2534 participii
516 2478 822 2522 terminationi
843 2479 1078 2535 sequentis
1101 2478 1377 2523 substantivi
1398 2478 1677 2531 assimilata;
1719 2474 1906 2519 Iahnius

97 2561 154 2590 ex
179 2546 229 2589 lh
255 2551 298 2590 et
322 2546 361 2589 N
386 2545 512 2589 dedit
538 2549 742 2591 eoeercita
767 2549 1002 2592 iuventute.
1021 2571 1092 2578 -
1116 2552 1165 2600 6,
1200 2551 1252 2594 18
1266 2548 1571 2604 parricidium
1597 2546 1668 2589 Ie:
1701 2544 1914 2601 par-rici*

95 2617 201 2660 dam
239 2615 273 2660 Ο
297 2628 398 2660 eum
431 2615 571 2660 codd.
604 2618 703 2660 rell.
746 2617 971 2660 Firmatur
1005 2617 1265 2660 emendatio
1295 2630 1321 2660 a
1352 2630 1425 2661 me
1458 2619 1645 2671 recepta
1680 2615 1908 2670 scriptura

98 2685 273 2730 codicis
295 2685 357 2738 B,
397 2687 472 2741 qui
506 2687 566 2730 ita
601 2684 739 2730 habet
769 2687 1086 2742 parricidam,
1124 2691 1172 2730 ut
1192 2687 1340 2730 littera
1379 2687 1397 2729 i
1429 2690 1531 2729 ante
1563 2698 1636 2727 am
1667 2697 1801 2727 erasa
1831 2682 1905 2726 sit.

98 2755 165 2797 Nc
198 2756 299 2811 quis
333 2754 378 2796 in
403 2756 556 2799 verbis
580 2756 899 2812 sequentibus,
940 2770 1057 2814 quae
1084 2754 1271 2800 Iahnius
1300 2768 1359 2798 ex
1383 2755 1441 2798 BI
1478 2752 1763 2806 emendavit,
1802 2763 1907 2795 cum

99 2824 138 2867 N
168 2825 295 2867 malit
321 2818 510 2879 facinus
538 2826 660 2868 intra
693 2826 886 2882 ytoriam
907 2824 1022 2882 fuit,
1057 2839 1222 2870 moneo
1252 2824 1372 2869 hanc
1399 2837 1506 2867 esse
1537 2822 1773 2879 scriptoris
1802 2833 1908 2864 sen-

100 2893 311 2935 tentiam:
340 2893 488 2950 gloria
513 2894 615 2950 plus
643 2894 830 2938 valebat
859 2908 991 2951 quam
1018 2895 1219 2952 lacinus,
1248 2892 1373 2951 quod
1402 2894 1532 2950 leges
1559 2897 1605 2936 ut
1635 2892 1764 2935 nefas
1798 2889 1908 2934 cita-
