2020 3168
165 202 254 240 XII
903 200 1245 242 PRAEFATIO.

168 321 353 366 tentiam
388 321 656 375 relativam,
695 322 823 364 velut
852 321 867 345 ‘
885 321 1044 379 quibus
1066 335 1200 365 arma
1225 334 1314 378 per
1345 321 1497 365 orbem
1525 326 1757 368 terrarum
1781 325 1979 370 circum·

166 390 298 448 tulit',
332 389 407 434 hic
440 388 752 434 intercidisse.
800 414 861 421 —-
896 391 970 444 47,
1002 393 1031 435 4
1065 392 1315 447 separatim
1349 383 1613 447 referentur
1647 392 1704 436 H:
1752 404 1851 451 sep.
1873 403 1982 451 per-

160 458 376 517 ferentur
417 458 521 515 BN,
564 469 661 514 sep.
693 457 999 517 proferentur
1020 452 1055 502 O
1085 463 1134 504 ,et
1154 460 1312 516 vulgo.
1388 456 1580 516 Syllaba
1605 462 1679 505 tim
1704 461 1752 505 in
1774 460 1811 505 B
1842 461 1888 505 in
1908 475 1982 506 ra-

166 541 276 572 sura
303 528 478 572 maiore
501 528 671 584 scripta
695 531 780 571 est.
822 526 888 570 De
908 527 1329 585 confusis‘syllabis
1347 539 1439 584 per
1463 531 1507 570 et
1525 539 1579 571 re
1607 530 1665 573 cs.
1687 529 1748 573 ad
1770 543 1816 587 p.
1836 534 1918 585 31,
1938 534 1982 575 5.

163 622 234 630 ——
271 598 342 652 47,
379 599 438 643 24
455 596 630 650 Crassi]
659 596 784 640 cassi
803 594 844 640 ,Β
871 597 987 651 (non
1012 598 1202 652 cuassi).
1237 620 1300 636 ·-›
1346 590 1428 650 48,
1466 597 1522 643 37
1548 595 1737 654 frustra
1758 598 1896 654 adivit
1917 598 1982 644 Οε

159 665 345 725 frustra
364 665 550 711 diuoluit
571 664 607 708 B
622 698 633 718 ,
655 663 841 723 frustra
866 665 942 709 diu
971 665 1110 710 uoluit
1137 666 1191 710 N.
1249 665 1478 723 Equidem
1497 664 1573 709 hic
1601 680 1784 725 quoque
1807 665 1986 730 aliquid

164 735 398 779 excidisse
421 734 686 792 suspicatus
707 734 910 778 scribere
939 734 1120 780 malim:
1141 733 1329 793 frustra
1358 734 1560 791 diripere
1589 737 1749 788 voluit,·
1774 737 1833 780 cf.
1863 746 1982 794 quae

165 807 418 860 sequuntur
444 802 501 846 de
529 803 675 847 Thala
702 816 753 847 re
774 816 888 848 vera
910 802 1105 861 direpta.
1152 830 1222 836 ——
1266 807 1325 851 48
1342 839 1353 859 ,
1380 806 1439 851 38
1471 805 1612 848 armis
1636 805 1986 865 thensaurisque

162 874 300 931 reqiis
323 873 386 916 H:
418 886 463 916 a.
492 876 520 916 t.
545 874 666 930 reqis
693 872 829 918 ΒΝΟ.
887 872 953 918 Cf.
979 886 1025 930 p.
1044 875 1114 929 47,
1164 876 1212 919 16
1233 875 1280 917 in
1305 873 1430 917 bonis
1452 874 1617 931 reqiis‚·
1659 877 1731 930 62,
1758 878 1817 922 34
1843 876 1985 934 reqiis

161 943 345 987 inhians
368 943 443 987 ille
463 941 724 986 thensauris
761 946 849 986 etc·
891 966 962 973 —
997 944 1078 996 48,
1121 945 1179 990 38
1210 943 1399 999 diripuit
1421 941 1483 985 B:
1522 942 1752 1000 disrupuit
1777 943 1842 999 N,
1881 945 1984 988 sort.

163 1017 287 1056 recte
304 1025 315 1066 ;
355 1025 402 1056 v.
424 1012 458 1054 F
462 1012 780 1056 leckeisenum
823 1011 869 1054 in
899 1011 1021 1055 Arm.
1041 1009 1162 1056 nov.
1189 1011 1353 1069 philol.
1393 1015 1437 1056 et
1464 1011 1666 1070 paedag.
1689 1013 1796 1057 Vol.
1827 1011 1984 1068 LXVI,

161 1094 210 1138 p,
237 1085 340 1128 328.
362 1106 431 1111 -—
465 1083 536 1136 49,
559 1080 585 1127 7
606 1080 820 1137 Capsam,
843 1082 891 1124 in
911 1081 1061 1125 media
1082 1079 1250 1139 Africa
1269 1083 1344 1125 siti
1365 1080 1586 1139 anquibus
1600 1081 1875 1140 harenisque
1888 1083 1986 1128 ‘val-

165 1151 303 1194 latam
330 1143 390 1194 B:
429 1163 512 1207 pro
533 1150 608 1193 siti
631 1154 703 1193 est
729 1151 775 1192 in
795 1150 1011 1201 Nsitam‚·
1053 1162 1141 1207 ego
1165 1150 1319 1193 malim
1339 1152 1426 1194 situ
1433 1167 1451 1201 ,·
1483 1163 1587 1194 nam
1615 1152 1689 1195 siti
1711 1150 1984 1209 harenisque

163 1221 448 1277 tautologum
481 1218 681 1262 videtur.
726 1243 796 1251 —
829 1222 911 1275 49,
958 1223 1014 1267 32
1044 1219 1246 1264 Arverni
1286 1218 1395 1263 edd.
1433 1223 1642 1265 veteres:
1678 1220 1851 1265 Arveni
1888 1219 1983 1276 ΒΟ,

161 1289 367 1334 Arvenni
387 1288 442 1332 N.
498 1287 565 1332 Cf.
587 1288 704 1332 Plin.
724 1288 828 1333 Nat.
854 1287 970 1333 Hist.
993 1288 1092 1342 VII,
1131 1293 1200 1344 50,
1231 1293 1271 1342 S.
1293 1291 1393 1336 166.
1414 1312 1480 1319 -
1507 1293 1586 1344 50,
1615 1294 1639 1335 1
1670 1289 1862 1335 Vituitus
1882 1288 1982 1335 BO:

164 1357 355 1402 bisuisus
372 1357 411 1401 N
426 1392 436 1412 ,
459 1371 575 1414 quae
603 1358 738 1402 lectio
762 1357 927 1403 suadet
950 1362 995 1402 ut
1013 1357 1211 1402 Bituitus
1235 1356 1513 1406 restituatur.
1540 1383 1607 1390 —-
1634 1363 1716 1414 50,
1741 1362 1802 1406 33
1825 1357 1984 1403 Teuto—

162 1440 249 1474 nas
271 1427 350 1471 BN
372 1428 455 1483 (ex
486 1427 770 1471 nominativo
805 1427 1025 1472 Teutones
1035 1445 1052 1478 ;
1095 1441 1140 1472 v.
1163 1441 1304 1484 supra
1333 1427 1393 1472 ad
1414 1442 1460 1485 p.
1481 1430 1553 1482 27,
1581 1428 1656 1482 4)=
1689 1427 1910 1472 Teutonos
1930 1427 1965 1474 Ο

163 1517 222 1524 -
256 1501 327 1552 51,
361 1501 414 1543 10
438 1494 717 1541 Teutobodus
747 1498 913 1555 scrIpsi
947 1511 1006 1541 ex
1031 1495 1196 1542 Orosio
1217 1497 1274 1552 V,
1311 1501 1365 1544 16
1393 1503 1437 1541 et
1461 1497 1682 1554 Eutropio
1703 1497 1760 1552 V,
1785 1502 1832 1544 l:
1869 1501 1983 1542 teuto

164 1571 352 1612 uocatus
372 1566 425 1622 B,
448 1564 701 1613 teutObocus
726 1567 782 1611 N.
857 1567 972 1610 Illud
993 1566 1149 1623 recepi
1176 1571 1222 1610 ut
1247 1567 1438 1623 propius
1471 1567 1704 1611 accedens
1737 1565 1798 1610 ad
1827 1567 1984 1611 lectio-

164 1650 271 1681 nem
303 1635 480 1680 codicis
501 1637 555 1692 B,
581 1649 718 1693 quarn
746 1635 872 1693 quod
903 1636 1043 1694 vulgo
1075 1636 1122 1679 in
1147 1635 1285 1680 Floro
1314 1637 1438 1680 nulla
1463 1636 1684 1680 librorum
1713 1637 1982 1680 auctoritate

166 1706 318 1749 editur
342 1705 688 1750 Teutobocchus.
744 1707 1067 1750 Potesttamen
1096 1709 1400 1750 teutouocatus
1426 1706 1561 1750 etiam
1590 1709 1854 1762 corruptum
1876 1719 1983 1750 esse

166 1789 224 1819 ex
247 1774 548 1829 Teutobocus,
581 1779 628 1819 ut
659 1780 730 1819 est
766 1776 812 1819 in
832 1776 888 1820 N.
938 1776 987 1818 In
1015 1775 1180 1821 Orosio
1210 1776 1344 1820 lectio
1374 1775 1594 1820 librorum
1622 1774 1875 1819 admodum
1895 1774 1982 1819 ssu-

116 1881 119 1884 <
166 1849 315 1900 ctuat3
343 1844 447 1890 cod.
480 1845 661 1888 Monac.
682 1844 822 1889 habet
851 1845 1122 1899 Theudotus,
1146 1843 1193 1890 S.
1219 1845 1446 1889 Gallensis
1465 1844 1815 1890 Theodulus.--
1834 1849 1904 1900 51,
1926 1847 1984 1891 24

168 1926 333 1960 venere
352 1916 443 1971 ipsi
469 1940 538 1946 —-
563 1926 671 1958 nam
697 1918 840 1959 metus
858 1916 905 1958 in
930 1914 1142 1958 barbaris
1169 1916 1294 1959 nulla
1322 1916 1641 1973 vestiqia—et
1661 1914 1778 1958 diem
1796 1925 1983 1973 puqnae

167 1998 196 2027 a
220 1988 375 2028 nostro
403 1985 681 2041 imperatore
704 1976 949 2048 petierunt]
982 1985 1049 2028 sic
1078 1984 1252 2028 Incerta
1279 1984 1601 2029 emendatione
1621 1984 1817 2041 scripsi,
1848 1990 1895 2028 ut
1921 1984 1984 2026 le-

167 2053 372 2111 gentium
398 2053 641 2097 commodo
663 2054 989 2098 subveniretur
1005 2067 1016 2109 3
1044 2054 1090 2098 in
1117 2053 1152 2098 B
1181 2055 1325 2099 verba
1348 2066 1511 2100 venere
1538 2067 1682 2111 usque
1713 2053 1774 2097 ad
1802 2054 1984 2111 vestiqia

167 2128 209 2166 et
232 2123 406 2167 omissa
438 2127 567 2178 sunt;
607 2123 648 2167 N
671 2122 837 2168 habet:
871 2136 1035 2168 venere
1062 2124 1127 2167 illi
1147 2137 1282 2181 quam
1312 2125 1421 2168 etin
1447 2123 1659 2167 barbaris
1685 2123 1822 2167 multa
1852 2123 1983 2168 vesti-

164 2194 240 2250 9ia
267 2191 384 2236 diem
414 2216 475 2224 -
502 2218 571 2225 —
590 2194 833 2250 petierunt.
858 2214 928 2223 —-
952 2198 1022 2249 51,
1049 2197 1104 2239 25
1131 2196 1173 2237 et
1197 2194 1264 2237 sic
1291 2193 1393 2237 BN:
1436 2197 1479 2237 et
1501 2192 1574 2237 hic
1599 2192 1887 2250 Perizonius.
1913 2216 1984 2225 —

167 2266 237 2315 52,
271 2266 293 2307 1
327 2263 469 2306 verba
493 2274 601 2306 nam
626 2275 728 2307 cum
747 2264 886 2307 missa
913 2263 975 2306 ad
993 2261 1197 2306 Marium
1225 2263 1442 2321 legatione
1471 2262 1715 2306 libertatem
1743 2275 1799 2306 ac
1822 2274 1982 2306 sacer-

167 2331 333 2374 dotium
363 2344 453 2375 non
479 2333 785 2388 inpetrassent
814 2332 982 2376 intacta
1009 2333 1197 2389 reliqui,
1228 2345 1507 2390 quamquam
1535 2332 1738 2389 graviter
1768 2334 1983 2388 corrupta

169 2400 401 2443 existimO.
474 2402 831 2457 Mommsenius,
864 2416 999 2460 quem
1026 2402 1083 2446 de
1116 2403 1218 2446 loco
1246 2402 1483 2456 consului,
1530 2405 1660 2445 acute
1690 2401 1980 2458 suspicatur:

168 2483 275 2513 nam
300 2481 402 2513 cum
427 2472 565 2514 missa
591 2471 655 2514 ad
675 2469 878 2515 Marium
906 2473 1124 2530 legatione
1149 2471 1393 2516 libertatem
1414 2472 1704 2528 maqistratus
1729 2472 1811 2525 (ex
1836 2471 1980 2527 maq.)

170 2552 226 2582 ac
245 2539 547 2584 sacerdotium
579 2540 632 2595 (i.
655 2554 696 2584 e.
728 2541 1020 2596 sacerdotes)
1046 2555 1137 2586 non
1161 2543 1468 2599 inpetrassent
1489 2544 1575 2583 etc.
1602 2560 1670 2568 —-
1695 2544 1764 2594 52,
1788 2543 1815 2587 6
1842 2539 1875 2582 Β
1902 2539 1982 2582 ha-

169 2611 244 2654 bet
263 2610 920 2667 plaustrorumqependerunt,
971 2612 1117 2655 littera
1143 2626 1172 2670 q
1193 2611 1359 2656 eadem
1383 2624 1523 2655 manu
1549 2610 1593 2652 in
1614 2623 1653 2667 p
1680 2613 1866 2653 mutata.
1913 2632 1982 2639 —

169 2677 321 2732 52,’17
360 2681 502 2723 verba
528 2679 649 2737 quod
673 2704 741 2711 ——
765 2704 836 2713 —-
859 2682 996 2736 solet,
1025 2694 1143 2738 quae
1165 2680 1303 2726 codd.
1323 2686 1430 2738 post
1451 2682 1684 2724 interesset
1706 2680 1773 2734 (v.
1800 2679 1878 2731 20)
1899 2677 1983 2721 ha-

171 2749 301 2802 bent,
336 2761 438 2791 cum
474 2748 634 2793 Iahnio
669 2751 959 2806 transposui3
1003 2755 1107 2808 post
1137 2752 1348 2796 victoriae
1377 2749 1625 2796 Cimbricae
1649 2748 1885 2805 probabile
1912 2751 1982 2791 est

169 2817 478 2873 participium,
499 2819 625 2862 velut
646 2819 949 2875 subclamans,
980 2820 1286 2864 Intercidisse.
1338 2843 1408 2853 —-
1455 2824 1533 2873 52,
1583 2821 1638 2864 35
1686 2819 1903 2862 silvarum
1941 2827 1981 2860 ez

169 2887 382 2930 montium
406 2887 516 2931 situs
534 2901 634 2932 cum
664 2890 838 2948 inqenio
863 2890 1197 2935 consentiebant
1223 2891 1363 2948 vulgo
1390 2889 1584 2949 legitur,
1620 2886 1705 2930 sed
1747 2891 1880 2930 erunt
1905 2885 1980 2943 qui
