2020 3168
612 174 656 242 I,
676 176 897 229 27—30
919 173 997 247 [11,
1023 175 1280 248 11—14].
1716 182 1784 233 39

116 317 351 373 minatus
405 313 513 367 alia
563 313 872 383 inrupisset.
956 314 1108 366 cuius
1161 314 1428 366 adventus
1475 315 1592 384 ipse
1647 315 1831 370 adeo'8

117 383 376 445 terribilis
415 382 534 451 regi
568 382 697 447 fuit,
732 388 793 436 ut
828 383 1090 436 interesse
1124 400 1234 436 non
1270 382 1518 450 auderet,
1561 383 1661 436 sed
1693 401 1784 452 ge-

118 453 289 511 renda
335 449 562 505 ducibus
602 449 745 503 bella
779 451 1133 504 mandaverit.
1193 451 1389 504 absens
1440 469 1571 522 ergo
1606 453 1782 506 victus
1801 466 1829 508 9

118 522 146 580 f
220 523 260 575 ‘t
275 523 341 575 in
368 521 540 574 maria
567 519 905 591 insulamque
935 519 1348 588 Samothracen,
1381 520 1553 574 fretus
1585 520 1785 574 celebri

40 600 84 649 ἐς
116 540 395 661 τὲξιςίοηθ,
426 589 582 661 quasi
597 589 800 659 templa
824 597 877 643 et
904 607 1030 642 arae
1056 598 1279 660 possent
1297 579 1606 658 defendere,
1626 609 1786 662 quem

115 677 219 715 nec
247 667 455 713 montes
484 658 576 713 *sui
601 675 702 711 nec
736 676 887 711 arma
911 661 1230 729 potuissent.
1269 677 1427 712 nemo
1451 678 1644 730 regum
1671 660 1786 712 diu·
1808 665 1863 707 10

47 770 51 774 .
115 731 223 784 tius
255 728 487 782 amissae
535 726 785 780 fortunae
833 728 1218 780 conscientiam
1253 729 1492 789 retinuit.
1556 729 1787 799 supplex

117 815 241 853 cum
270 795 530 852 scriberet
566 795 639 848 ad
672 796 1052 865 imperatorem
1087 795 1156 848 ab
1193 797 1287 851 illo
1325 814 1430 866 quo
1467 797 1787 866 confugerat

115 866 316 936 templo
346 882 651 935 nomenque
681 863 945 935 epistolae
977 872 1190 918 notaret
1222 883 1394 932 suum,
1423 883 1610 934 regem
1636 866 1786 918 addi-

62 956 104 990 ιο
120 936 213 989 dit.
273 934 371 988 sed
397 951 499 991 nec
527 934 863 986 reverentior
890 942 1079 1005 captae
1116 936 1413 987 maiestatis
1443 935 1582 987 alius
1613 934 1784 988 Paulo

115 1005 235 1058 fuit.
293 1022 417 1057 cum
450 1004 509 1057 in
544 1009 891 1073 conspectum
925 1004 1166 1057 venisset
1200 1004 1395 1072 hostis,
1443 1005 1502 1056 in
1544 1004 1783 1057 tribunal
1806 1010 1855 1051 ll

115 1074 318 1144 recepit
348 1081 401 1125 et
430 1073 697 1126 conviviis
725 1072 973 1126 adhibuit
1005 1073 1314 1145 liberosque
1348 1073 1629 1127 admonuit
1658 1091 1783 1126 suos

115 1151 175 1196 ut
209 1143 505 1209 fortunam,
554 1143 643 1195 cui
677 1149 887 1194 tantum
920 1142 1132 1210 liceret,
1183 1150 1578 1199 revererentur.
1643 1144 1783 1195 inter
1804 1154 1859 1194 12

114 1212 507 1284 pulcherrimos
546 1211 690 1264 hunc
761 1229 938 1282 uoque
971 1230 1041 1282 po
1080 1213 1203 1265 ulus
1240 1213 1516 1267 Romanus
1560 1212 1628 1265 de
1672 1213 1786 1264 Ma-

62 1282 345 1341 15cedonia
380 1281 537 1334 duxit
565 1298 630 1332 ac
665 1230 804 1333 vidit
835 1282 1035 1352 triump
1074 1300 1190 1349 um,
1225 1284 1423 1353 quippe
1453 1283 1607 1334 cuius
1636 1300 1785 1352 spec·

114 1350 293 1404 taculo
318 1350 558 1402 triduum
594 1349 917 1419 impleverit.
964 1351 1169 1420 primus
1210 1352 1327 1403 dies
1372 1353 1530 1420 signa
1551 1350 1786 1403 tabulas·
1805 1361 1862 1403 13

117 1438 236 1502 que,
288 1436 520 1489 sequens
567 1422 718 1470 arma
747 1420 1034 1489 pecuniam
1069 1422 1389 1487 transvexit,
1433 1421 1625 1472 tertius
1662 1438 1786 1490 cap-

115 1498 257 1542 t1vos
277 1490 559 1559 ipsumque
577 1505 764 1557 regem
792 1488 1093 1541 adtonitum
1121 1489 1298 1541 adhuc
1315 1496 1589 1559 tamquam
1608 1489 1787 1541 subito

116 1558 258 1610 malo
292 1565 346 1610 et
374 1564 694 1627 stupentem.
742 1557 840 1610 sed
865 1558 1034 1610 multo
1091 1560 1208 1621 rius
1236 1559 1496 1627 gaudium
1524 1559 1784 1611 victoriae
1801 1573 1854 1612 14

60 1647 102 1679 20
116 1627 346 1699 populus
373 1625 648 1679 Romanus
689 1644 851 1698 quam
886 1628 1062 1698 epistu
1084 1629 1131 1680 is
1166 1629 1390 1682 victoris
1418 1634 1786 1698 praeceperat.

117 1700 315 1768 quippe
354 1696 545 1749 eodem
580 1696 685 1763 die,
724 1714 829 1767 quo
872 1699 1050 1750 victus
1088 1704 1169 1749 est
1206 1696 1403 1750 Perses
1440 1699 1498 1748 in
1536 1696 1788 1748 Macedo-

115 1767 234 1832 nia,
271 1765 474 1820 Romae
510 1767 787 1835 cognitum
816 1774 922 1834 est,
967 1784 1090 1819 cum
1127 1768 1232 1820 duo
1272 1768 1496 1819 iuvenes
1542 1765 1787 1818 candidis
1804 1769 1863 1812 15

118 1836 271 1906 equis
309 1835 455 1904 apud
497 1834 756 1887 Iuturnae
801 1836 979 1888 lacum
1011 1836 1292 1906 pulverem
1330 1843 1383 1889 et
1418 1853 1664 1889 cruorem
1698 1834 1789 1886 ab·

118 1904 357 1957 luebant.
417 1903 475 1956 hi
508 1905 846 1957 nuntiavere.
906 1904 1188 1959 Castorem
1225 1913 1278 1958 et
1318 1905 1596 1958 Pollucem
1619 1903 1790 1956 fuisse

60 1989 103 2022 25
120 1973 384 2027 creditum
402 1974 583 2043 volgo,
613 1974 759 2044 quod
776 1975 979 2043 gemini
996 1975 1255 2043 fuissent3
1285 1976 1597 2028 interfuisse
1627 1972 1789 2038 bello,

119 2043 264 2114 quod
302 2043 567 2112 sanguine
601 2043 910 2112 maderent3
955 2062 988 2096 a
1026 2044 1349 2098 Macedonia
1384 2045 1596 2110 venire,
1647 2042 1793 2113 quod

117 2113 294 2165 adhuc
330 2112 663 2165 anhelarent.
990 2115 1003 2126 '

164 2223 468 2276 xxvnn.
518 2192 827 2276 BELLvM
860 2221 1279 2277 ILLYRIOVM
1317 2223 1743 2278 SECVNDVM.

258 2321 599 2375 Macedonici
643 2321 776 2375 belli
829 2322 1078 2390 contagio
1139 2322 1308 2375 traxit
1358 2321 1605 2392 Illyrios3
1682 2322 1729 2373 si
1763 2336 1826 2390 11,
1842 2323 1907 2375 13

0 2435 1 2438 ,
61 2407 104 2441 3ο
122 2391 364 2460 quidem,
401 2398 462 2443 ut
497 2391 799 2444 Romanum
835 2409 869 2443 a
901 2399 1055 2461 tergo
1097 2391 1509 2460 distringerent,
1554 2409 1588 2443 a
1623 2391 1791 2443 Perse

118 2478 247 2530 rege
274 2460 526 2514 conducti
553 2462 784 2530 pecunia
811 2461 1195 2513 militaverunt.
1252 2462 1368 2513 sine
1397 2478 1549 2513 mora
1572 2460 1641 2513 ab
1660 2460 1792 2512 Ani·
1808 2464 1835 2503 2

119 2531 201 2583 cio
231 2537 481 2600 praetore
515 2529 853 2599 subiguntur.
894 2529 1153 2583 Scodram
1182 2538 1343 2601 caput
1373 2532 1551 2600 gentis
1582 2530 1791 2582 delesse

119 2599 356 2667 suffecit3
394 2600 575 2651 statim
607 2606 791 2652 secuta
821 2599 1024 2653 deditio
1059 2607 1157 2652 est.
1198 2599 1430 2670 denique
1460 2600 1562 2652 hoc
1589 2598 1794 2651 bellum

119 2676 243 2733 ante
282 2669 494 2721 finitum
535 2676 618 2721 est
654 2686 813 2739 quam
848 2669 967 2738 geri
1002 2670 1206 2722 Romae
1242 2670 1597 2721 nuntiaretur.

66 2793 110 2827 35
194 2781 383 2834 XXX.
432 2781 740 2834 BELLVM
773 2780 1334 2836 MACEDONICVM
1363 2780 1718 2833 TERTIVM.

261 2878 509 2945 Quodam
536 2881 663 2947 fat0,
694 2880 847 2949 quasi
877 2881 953 2932 ita
986 2881 1327 2932 convenisset
1357 2880 1497 2930 inter
1523 2878 1735 2931 Poenos
1765 2892 1824 2947 11,
1840 2879 1909 2932 14
