2020 3168
190 216 260 267 66
789 222 965 261 mom
983 221 1261 262 ΕΡῙΤΟΜΑ.

189 351 411 404 ΧΧΙΙΙ.
529 349 746 402 Bellum
777 347 1075 418 Illyricum.

188 419 439 472 XXIIII.
530 417 744 470 Bellum
777 416 1163 470 Pannonicum.

189 488 375 542 XXV.
529 485 742 538 Bellum
776 483 1155 537 Delmaticum.

188 556 404 610 XXVI.
530 554 747 607 Bellum
779 553 1041 606 Moesum.

187 624 433 678 XXVII.
537 623 752 676 Bellum
789 622 1127 675 Thracicum.

187 693 463 748 XXVIII.
535 692 752 745 Bellum
785 691 1067 744 Dacicum.

187 762 492 816 XXVIIII.
538 761 753 814 Bellum
791 759 1163 814 Sarmaticum.

185 832 375 885 XXX.
532 829 753 884 Bellum
791 830 1189 884 Germanicum.

185 901 406 954 XXXI.
530 899 753 953 Bellum
787 899 1146 953 Gaetulicum.

184 970 435 1023 XXXII.
535 969 751 1021 Bellum
783 967 1149 1021 Armenicum.

185 1038 466 1092 XXXIII.
538 1037 753 1090 Bellum
791 1037 1175 1092 Cantabricum
1207 1044 1261 1090 et
1293 1039 1623 1091 Asturicum.

187 1107 500 1161 XXXIIII.
537 1107 659 1160 Pax
691 1106 1014 1159 Parthorum
1050 1113 1103 1158 et
1139 1109 1470 1161 consecratio
1507 1107 1761 1177 Augusti.

474 1468 521 1521 I.
571 1467 677 1522 DE
711 1465 1036 1520 LEGIBVS
1074 1467 1575 1523 GRACCHANIS.

69 1594 239 1661 111,l3
324 1591 662 1646 Seditionum
691 1592 927 1646 omnium
956 1609 1146 1644 causas
1179 1592 1471 1646 tribunicia
1497 1598 1736 1663 potestas
1769 1610 1860 1644 ex-

185 1661 397 1729 citavit,
444 1679 581 1732 quae
621 1662 800 1732 specie
848 1661 1065 1731 quidem
1095 1661 1272 1732 plebis
1302 1662 1565 1728 tuendae,
1616 1662 1767 1713 cuius
1803 1662 1861 1713 in

184 1730 449 1783 auxilium
486 1749 604 1785 com
644 1738 796 1783 arata
832 1737 939 1797 est,
984 1748 1044 1782 re
1081 1738 1261 1782 autem
1298 1731 1718 1784 dominationem
1755 1729 1861 1782 sibi

184 1800 488 1870 adquirens,
518 1750 755 1853 studium
779 1799 966 1870 populi
996 1817 1059 1851 ac
1078 1799 1324 1852 favorem
1352 1801 1596 1870 agrariiS,
1626 1799 1860 1852 frumen·
1878 1824 1899 1856 5

184 1870 353 1936 tariiS,
391 1869 688 1922 iudiciariis
721 1868 934 1938 legibus
974 1868 1360 1938 aucupabatur.
1409 1870 1584 1921 inerat
1611 1868 1859 1922 omnibus

143 1957 170 1995 2
187 1939 392 2008 species
427 1940 728 2009 aequitatis.
792 1938 923 2008 quid
961 1945 1073 1990 tam
1109 1939 1309 1990 iustum
1355 1940 1498 1992 enim
1534 1956 1694 2020 quam
1726 1939 1859 1991 reci-

184 2026 313 2078 pere
340 2007 556 2077 plebem
585 2026 683 2060 sua
711 2025 744 2058 a
766 2007 1008 2077 patribus
1043 2005 1130 2078 [ne
1157 2007 1389 2077 populus
1417 2015 1660 2076 gentium
1682 2009 1861 2062 victor

143 2086 169 2128 3
188 2076 438 2147 orbisque
467 2094 748 2147 possessor
786 2077 1016 2129 extorris
1046 2077 1154 2128 aris
1191 2094 1255 2128 ac
1285 2076 1422 2128 focis
1449 2076 1696 2148 ageretJ‘?
1730 2077 1861 2147 quid

184 2154 296 2197 tam
324 2164 554 2216 aequum
590 2164 749 2217 quam
782 2147 998 2216 inopem
1031 2145 1291 2215 populum
1325 2146 1511 2198 vivere
1548 2163 1618 2197 ex
1645 2148 1854 2198 aerario
1873 2164 1914 2200 10

143 2231 170 2269 4
187 2214 324 2267 suo?
366 2215 497 2284 quid
540 2215 611 2268 ad
648 2217 731 2268 ius
779 2215 1045 2268 libertatis
1091 2214 1405 2285 aequandae
1449 2215 1624 2284 magis
1662 2214 1859 2269 efficax

187 2302 347 2355 quam
393 2291 453 2336 ut
500 2291 690 2337 senatu
734 2302 793 2337 re
835 2292 957 2337 ente
997 2284 1306 2354 provincias
1354 2284 1555 2337 ordinis
1594 2285 1857 2355 equestris

145 2353 477 2406 5auctoritas
508 2354 699 2406 saltem
725 2357 782 2406 iu
822 2355 1047 2406 iciorum
1073 2370 1241 2422 regno
1271 2354 1573 2406 niteretur?
1611 2353 1707 2406 sed
1724 2353 1859 2405 haec

185 2424 306 2492 ipsa
351 2423 408 2473 in
452 2424 746 2492 perniciem
781 2423 1058 2489 redibant,
1104 2429 1157 2474 et
1191 2423 1391 2475 misera
1421 2441 1508 2475 res
1547 2421 1766 2493 publica
1800 2423 1858 2473 in

142 2500 169 2540 6
188 2492 411 2543 exitium
441 2493 525 2544 sui
561 2510 765 2545 merces
803 2500 934 2545 erat.
991 2509 1116 2543 nam
1153 2499 1206 2544 et
1242 2511 1274 2544 a
1311 2500 1501 2545 senatu
1529 2493 1587 2544 in
1619 2493 1854 2562 equitem
1871 2502 1911 2536 15

183 2560 447 2613 translata
472 2561 794 2614 iudiciorum
827 2568 1063 2631 pote-stas
1100 2561 1404 2630 vectigalia,
1440 2562 1499 2614 id
1533 2567 1614 2613 est
1641 2561 1856 2630 imperii

142 2643 166 2681 7
183 2631 587 2699 patrimonium,
623 2630 1016 2701 subprimebat,
1067 2638 1119 2682 et
1166 2632 1363 2701 emptio
1409 2631 1665 2683 frumenti
1707 2631 1726 2680 i
1767 2647 1853 2682 sos

185 2700 265 2750 rei
299 2699 550 2768 publicae
585 2718 783 2752 nervos
823 2699 1199 2767 exhauriebat,
1239 2701 1529 2767 aerarium3
1579 2706 1631 2751 et
1666 2716 1725 2750 re
1764 2698 1854 2750 uci

183 2767 337 2836 plebs
382 2770 439 2819 in
486 2786 645 2837 agros
692 2769 837 2821 unde
872 2776 1083 2839 poterat
1129 2771 1245 2821 sine
1276 2769 1669 2839 possidentium
1702 2785 1851 2819 ever-

186 2837 358 2903 sione,
398 2838 490 2907 qui
524 2838 628 2907 ipsi
662 2856 788 2908 pars
823 2838 1009 2908 populi
1046 2846 1221 2906 erant,
1258 2846 1310 2891 et
1345 2839 1453 2890 iam
1483 2837 1700 2889 relictas
1740 2835 1846 2888 sibi
1862 2848 1904 2882 20

182 2922 216 2954 a
251 2905 542 2959 maioribus
576 2907 730 2960 sedes
766 2915 941 2960 aetate
978 2911 1129 2976 quasi
1167 2909 1283 2960 iure
1319 2906 1708 2977 possidebant?
