2020 3168
202 213 269 265 88
794 225 967 264 ηοω
987 225 1260 265 EPITOMA.

201 350 430 423 amplius
476 368 637 432 quam
686 349 1017 417 occiderent,
1065 351 1122 402 in
1164 349 1341 402 medio
1387 349 1577 402 ardore
1613 367 1855 420 pugna-n·

200 422 334 474 tium
388 419 564 472 sub1to
619 420 675 470 in
717 436 811 471 ens
864 419 1003 471 inter
1052 426 1305 489 utrosque
1348 418 1642 486 silentium,
1703 418 1856 489 quasi

127 504 184 544 81
203 491 543 542 convenisset
589 494 642 539 et
723 488 773 539 ic
819 488 1054 539 omnium
1099 505 1286 539 sensus
1335 494 1475 539 esset
1512 494 1528 519 ³
1579 505 1649 540 uo
1685 504 1855 557 usque

197 558 472 611 bellum?'
509 557 801 609 novissime
839 556 1152 608 inusitatum
1190 555 1438 609 Caesaris
1459 573 1559 610 ocu
1582 557 1627 608 is
1670 555 1854 608 nefas:

195 634 320 698 post
355 625 780 697 quattuordecim
810 642 978 678 annos
1007 624 1234 696 probata
1263 632 1641 677 veteranorum
1665 641 1854 676 manus
1872 643 1894 676 5

197 695 426 764 gradum
476 702 620 748 retro
677 694 826 748 dedit
843 734 857 761 ,
915 712 1046 765 quos
1063 734 1078 761 ,
1147 696 1247 747 etsi
1298 694 1536 747 nondum
1589 694 1854 764 fugerant,

199 765 447 835 apparuit
489 772 669 816 tamen
703 764 909 835 pudore
945 765 1117 833 magis
1189 781 1314 815 uam
1349 765 1547 816 virtute
1583 764 1854 815 resistere.

131 851 186 891 82
205 835 385 904 itaque
429 833 521 886 ille
571 833 819 902 ablegato
868 851 1003 903 equo
1051 834 1171 885 simi
1194 834 1240 884 is
1284 832 1486 895 furenti
1526 833 1754 902 primam
1798 832 1856 882 in

200 904 371 955 aciem
418 903 702 973 procurrit.
763 901 842 954 ibi
886 919 1142 972 prensare
1189 901 1472 970 fugientis,
1540 901 1856 954 confirmare
1996 931 1997 934 =

200 971 488 1042 signiferos
498 1011 514 1038 ,
552 989 705 1023 orare
733 971 936 1023 hortari
965 972 1269 1040 increpare,
1339 988 1398 1023 er
1426 977 1595 1023 totum
1624 971 1853 1039 denique
1871 984 1913 1017 ιο

125 1048 184 1090 83
201 1060 235 1093 a
273 1059 397 1092 men
441 1041 608 1093 oculis
654 1039 900 1092 manibus
957 1040 1189 1091 clamore
1242 989 1490 1091 voqitare.
1553 1037 1748 1090 dicitur
1799 1039 1858 1089 in

200 1110 240 1163 il
263 1129 296 1161 a
331 1109 734 1179 perturbatione
769 1115 821 1160 et
860 1109 926 1161 de
966 1109 1218 1160 extremis
1256 1108 1493 1177 agitasse
1532 1125 1713 1159 secum
1748 1124 1857 1158 ma-

198 1179 506 1248 nifestoque
542 1177 695 1231 voltu
728 1177 925 1245 fuisse,
963 1178 1117 1259 quasi
1155 1194 1418 1247 occupare
1445 1183 1669 1229 mortem
1695 1185 1858 1228 manu

198 1247 389 1314 vellet3
434 1248 540 1298 nisi
575 1247 820 1299 cohortes
854 1247 1088 1299 hostium
1117 1247 1350 1317 quinque
1370 1264 1468 1316 per
1493 1253 1858 1298 transversam

200 1318 371 1369 aciem
425 1323 601 1383 actae,
668 1333 799 1387 quas
856 1313 1129 1368 Labienus
1181 1315 1610 1386 periclitantibus
1665 1315 1860 1366 castrisv
1877 1332 1915 1364 15

123 1399 182 1440 84
199 1385 469 1457 praesidio
519 1386 766 1451 miserat,
816 1386 1049 1455 speciem
1095 1384 1256 1453 fugae
1305 1384 1694 1454 praebuissent.
1754 1383 1857 1436 hoc

200 1462 293 1507 aut
330 1461 382 1506 et
417 1455 533 1525 ipse
571 1454 801 1506 credidit
836 1461 928 1506 aut
967 1454 1079 1506 dux
1113 1453 1337 1505 callidus
1368 1454 1594 1523 arripuit
1621 1454 1678 1504 in
1708 1470 1856 1505 occa-

202 1526 433 1590 sionem,
487 1530 539 1575 et
575 1524 728 1593 quasi
766 1524 824 1575 in
860 1523 1129 1593 fugientes
1169 1530 1222 1574 et
1256 1523 1364 1574 iam
1400 1523 1572 1585 victos
1611 1522 1768 1574 simul
1806 1528 1858 1573 et

200 1611 417 1645 suorum
465 1595 638 1644 erexit
681 1593 885 1645 animos
933 1599 985 1644 et
1033 1591 1203 1644 hostis
1238 1591 1482 1661 perculit.
1537 1609 1662 1642 nam
1698 1599 1751 1643 et
1784 1591 1854 1656 hi,

201 1663 328 1715 dum
369 1680 426 1713 se
461 1668 652 1731 putant
689 1662 932 1728 vincere,
981 1661 1172 1714 fortius
1211 1662 1385 1731 sequi,
1434 1667 1486 1712 et
1523 1660 1852 1729 Pompeiani,
1871 1683 1915 1715 ρο

127 1747 184 1789 85
202 1732 328 1784 dum
371 1731 561 1799 fugere
606 1730 830 1783 credunt
866 1748 1014 1796 suOS,
1070 1729 1259 1799 fugere
1294 1735 1599 1799 coeperunt.
1658 1736 1857 1799 quanta

202 1800 366 1852 fuerit
409 1801 467 1851 in
501 1799 744 1852 hostibus
782 1798 1070 1852 caedendis
1107 1800 1189 1850 ira
1222 1797 1508 1868 rabiesque
1543 1797 1855 1864 victoribuS,

202 1870 279 1922 sic
325 1870 600 1921 aestimari
644 1875 845 1938 potest,
901 1867 1044 1938 quod
1080 1885 1112 1918 a
1146 1866 1351 1937 proelio
1385 1866 1605 1937 profugi
1642 1885 1762 1919 cum
1799 1885 1856 1919 se

198 1938 458 1991 Mundam
492 1939 844 2007 recepissent,
884 1945 936 1990 et
969 1937 1170 1989 Caesar
1212 1935 1448 1988 obsideri
1477 1937 1656 1988 statim
1684 1938 1855 1988 victos

200 2010 538 2077 imperasset,
589 2008 857 2075 congestis
906 2005 1259 2058 cadaveribus
1296 2023 1465 2074 agger
1502 2006 1720 2057 effectus
1760 2013 1854 2071 est,
1874 2030 1917 2062 25

202 2094 338 2147 quae
381 2075 669 2146 phalaricis
715 2075 1051 2146 tragulisque
1089 2074 1301 2127 confixa
1334 2075 1473 2125 inter
1511 2092 1568 2125 se
1601 2073 1856 2126 teneban-

131 2150 189 2193 86
202 2153 312 2212 tur,
346 2177 418 2185 ——
453 2144 671 2197 foedum
705 2146 866 2196 etiam
909 2146 967 2196 in
1011 2143 1288 2196 barbaros.
1341 2143 1438 2194 sed
1480 2142 1736 2195 videlicet
1777 2145 1856 2195 vi-

203 2215 427 2267 ctoriam
463 2213 871 2284 desperantibus
899 2214 1123 2283 Pompei
1159 2211 1370 2278 liberis,
1410 2211 1622 2264 Gneum
1651 2212 1856 2282 proelio

198 2284 511 2353 profugum,
558 2302 712 2335 crure
762 2284 1023 2349 saucium,
1075 2282 1288 2334 deserta
1334 2288 1388 2332 et
1433 2281 1556 2333 avia
1588 2288 1857 2351 petentem
1997 2344 2005 2354 „

204 2353 497 2406 Caesonius
545 2360 673 2422 aput
716 2352 1021 2404 Lauronem
1064 2370 1093 2403 o
1131 2350 1317 2420 pidum
1364 2357 1706 2417 consecutus,
1759 2368 1852 2419 pu-
1872 2374 1916 2407 30

125 2436 182 2477 87
200 2427 456 2510 guantem
493 2452 565 2462 --
610 2422 744 2474 adeo
792 2421 1030 2473 nondum
1115 2419 1398 2489 esperabat
1441 2450 1513 2459 ——-
1558 2420 1856 2487 interfecit3

204 2497 427 2543 bextum
456 2490 673 2542 fortuna
718 2492 775 2541 in
818 2490 1110 2543 Celtiberia
1145 2489 1359 2540 interim
1395 2487 1676 2540 abscondit
1713 2487 1856 2539 aliis-

204 2578 305 2630 que
340 2566 462 2629 post
492 2558 779 2612 Caesarem
815 2559 972 2611 bellis
1008 2559 1263 2611 servavit.

130 2635 189 2675 88
348 2627 549 2681 Caesar
594 2629 652 2679 in
689 2629 918 2698 patriam
960 2629 1134 2680 victor
1170 2627 1471 2694 invehitur,
1525 2629 1753 2696 primum
1790 2626 1856 2677 de

204 2698 384 2750 Gallia
417 2697 743 2767 triumphum
779 2697 1023 2748 trahens:
1055 2696 1143 2748 hic
1177 2702 1291 2747 erat
1318 2696 1537 2747 Rhenus
1567 2702 1618 2746 et
1644 2694 1856 2746 Rhoda·
1870 2714 1913 2748 35

203 2785 305 2819 nus
356 2773 408 2818 et
456 2785 525 2818 ex
561 2784 691 2818 auro
730 2767 973 2836 captivus
1010 2765 1276 2818 Oceanus.
1332 2764 1501 2816 altera
1534 2763 1714 2815 laurus
1750 2764 1856 2815 Ae-

204 2836 419 2905 gyptia:
476 2843 605 2887 tunc
644 2836 702 2887 in
741 2834 959 2887 ferculis
994 2834 1179 2901 Nilus,
1227 2835 1459 2885 Arsinoe
1498 2839 1549 2884 et
1588 2833 1658 2883 ad
1697 2833 1857 2883 simu-

127 2904 403 2955 solaci-um
452 2905 656 2974 ignium
707 2905 901 2956 ardens
948 2903 1172 2955 Pharos.
1229 2904 1418 2954 tertius
1466 2902 1532 2953 de
1579 2901 1858 2952 Pharnace
