2020 3168
685 196 758 264 11,
779 197 1004 250 30--33
1031 195 1156 268 [1111,
1187 196 1287 268 12].
1725 198 1823 250 103

162 352 381 409 pressus
412 334 594 405 gladio
631 342 684 388 et
721 352 883 406 pyra,
931 334 990 386 in
1025 351 1184 405 quam
1224 352 1282 386 se
1315 351 1631 404 percussum
1668 333 1827 385 inmi-

165 407 259 474 sit,
297 405 571 475 superstiti
607 405 768 457 etiam
805 420 948 456 nunc
987 401 1209 479 Caesari
1247 404 1376 454 satis
1409 402 1555 455 fecit.

292 512 573 566 XXXIII.
638 511 946 566 BELLVM
994 511 1539 568 CANTABRICVM
1582 513 1684 566 ΕΤ

764 580 1218 636 ASTVRIOVM.

54 718 58 722 -
124 699 148 731 5
305 679 417 734 Sub
443 696 637 732 occasu
661 685 854 749 pacata
884 686 998 731 erat
1037 678 1152 732 fere
1182 681 1353 733 omnis
1386 681 1679 751 Hispania,
1717 680 1900 743 nisi45

162 767 323 830 quam
360 748 630 817 Pyrenaei
675 747 968 800 desinentis
1014 749 1248 818 scopulis
1290 749 1661 803 inhaerentem
1697 750 1824 802 cite·

159 836 274 871 rlor
311 815 566 869 adluebat
602 815 868 868 Oceanus.
915 816 1004 868 hic
1040 816 1177 869 duae
1214 818 1580 870 validissimae
1617 824 1824 887 genteS,

165 885 425 940 Cantabri
461 892 514 937 et
540 885 794 952 Astures,
831 886 1076 938 inmunes
1113 886 1325 956 imperii
1352 886 1646 956 agitabant.
1686 886 1824 939 Oan-
1838 901 1895 942 4¹¹1

161 955 437 1008 tabrorum
488 960 541 1006 et
581 954 729 1024 prior
767 961 819 1006 et
856 955 1030 1007 acrior
1066 960 1118 1006 et
1152 956 1325 1025 magis
1362 956 1615 1026 pertinax
1649 956 1707 1007 in
1742 974 1824 1007 re-

105 1041 147 1074 10
161 1023 413 1078 bellando
469 1024 678 1075 animus
732 1022 863 1091 fuit,
925 1025 1018 1094 qui
1066 1041 1176 1076 non
1229 1025 1467 1077 contenti
1519 1025 1825 1078 libertatem

160 1111 315 1145 suam
332 1092 643 1145 xdefendere
714 1093 937 1145 roximis
968 1094 1127 1145 etiam
1154 1095 1461 1164 imperitare
1489 1094 1825 1163 temptabant

162 1162 543 1232 Vaccaeosque
588 1168 641 1213 et
727 1179 980 1231 urmogos
1023 1169 1076 1214 et
1107 1163 1438 1231 Autrigonas
1488 1163 1691 1215 crebris
1742 1163 1821 1215 in-

160 1230 499 1284 cursionibus
536 1229 855 1299 fatigabant.
911 1232 969 1283 in
1004 1230 1100 1283 hos
1136 1233 1327 1300 igitur,
1412 1233 1502 1284 uia
1535 1233 1819 1285 vehemen-
1838 1246 1897 1288 48
1992 1297 1994 1301 y

160 1302 268 1352 tius
314 1317 476 1369 agere
520 1300 927 1367 nuntiabantur,
972 1318 1081 1352 non
1124 1308 1204 1351 est
1244 1318 1379 1370 expe
1420 1302 1515 1354 itio
1552 1301 1821 1367 mandata,

108 1386 148 1418 ιτ»
164 1369 262 1422 sed
288 1375 515 1438 sumpta.
553 1369 669 1438 ipse
699 1370 850 1422 venit
868 1368 1227 1437 Segisamam,
1260 1378 1437 1421 castra
1462 1372 1665 1439 posuit,
1695 1370 1823 1422 inde

159 1438 427 1508 tripertito
457 1437 699 1490 exercitu
726 1445 894 1491 totam
914 1437 1262 1492 Cantabriam
1291 1439 1572 1508 amplexus
1604 1440 1825 1491 efferam

160 1513 377 1577 gentem
411 1506 520 1558 ritu
554 1505 791 1560 ferarum
829 1507 983 1578 quasi
1017 1506 1247 1577 quadam
1284 1506 1512 1576 cogebat
1546 1508 1821 1576 indagine.

160 1593 261 1629 nec
296 1575 364 1628 ab
394 1574 611 1628 Oceano
648 1578 822 1647 quies,
859 1593 980 1628 cum
1010 1575 1208 1627 infesta
1246 1575 1417 1628 classe
1455 1577 1574 1646 ipsa
1610 1594 1821 1646 quoque
1838 1579 1899 1622 49

159 1654 315 1715 terga
360 1644 595 1698 hostium
641 1646 1006 1698 caederentur.
1051 1646 1283 1714 primum
1331 1645 1590 1698 adversus
1630 1644 1826 1698 Canta-

102 1733 145 1764 20
164 1715 290 1767 bros
331 1714 431 1767 sub
467 1714 747 1767 moenibus
782 1714 1051 1783 Bergidae
1087 1715 1423 1784 proeliatum.
1480 1713 1606 1767 hinc
1645 1715 1822 1768 statim

162 1784 294 1851 fuga
327 1785 385 1835 in
421 1785 899 1837 eminentissimum
927 1782 1187 1835 Vindium
1220 1791 1479 1849 montem,
1519 1802 1622 1854 quo
1655 1785 1827 1835 maria

161 1855 312 1925 prius
342 1851 547 1906 Oceani
584 1870 744 1934 quam
780 1870 930 1904 arma
962 1852 1208 1905 Romana
1242 1867 1534 1905 ascensura
1566 1871 1685 1904 esse
1713 1870 1824 1905 cre-

164 1922 430 1974 diderant.
488 1929 646 1975 tertio
683 1921 994 1974 Aracelium
1042 1921 1298 1990 oppidum
1345 1937 1545 1990 magna
1578 1923 1637 1974 vi
1671 1940 1825 1991 repu-
1843 1933 1902 1976 50

164 1997 322 2060 gnat3
378 1997 595 2060 captum
645 1998 827 2042 tamen
879 1996 1146 2059 postremo
1200 1990 1305 2043 fuit
1350 1990 1577 2044 Medulli
1629 1991 1826 2043 montis

108 2078 150 2110 25
166 2059 398 2125 obsidio,
446 2077 605 2129 quem
644 2066 906 2140 perpetua
951 2059 1137 2110 decem
1181 2066 1234 2110 et
1279 2067 1396 2113 octo
1434 2060 1643 2112 milium
1677 2060 1827 2112 fossa

166 2128 592 2197 conprehensum
636 2128 876 2198 undique
920 2127 1078 2179 simul
1126 2127 1358 2180 adeunte
1393 2129 1635 2182 Romano
1723 2136 1806 2181 ost

165 2214 327 2267 quam
380 2204 622 2250 extrema
670 2197 895 2249 barbari
947 2196 1158 2262 vident,
1215 2198 1461 2249 certatim
1507 2198 1635 2265 igne
1706 2214 1824 2250 erro

166 2283 506 2335 venenoque,
557 2266 701 2335 quod
745 2266 823 2318 ibi
868 2265 1031 2335 volgo
1078 2272 1239 2318 taxeo
1278 2267 1618 2336 exprimitur,
1671 2282 1826 2335 prae-

167 2352 358 2404 cepere
394 2341 641 2403 mortem,
681 2353 738 2387 se
776 2353 844 2387 ue
881 2352 1007 2405 pars
1042 2336 1212 2386 maior
1247 2353 1280 2386 a
1318 2336 1652 2404 captivitate,
1692 2352 1829 2404 quae

111 2421 154 2455 30
168 2410 339 2455 morte
376 2404 596 2471 gravior
630 2404 701 2456 ad
732 2405 751 2455 i
813 2411 1024 2474 tempus
1054 2403 1327 2455 indomitis
1354 2403 1670 2470 videbatur,
1711 2404 1829 2454 vin-

168 2473 500 2525 dicaverunt.
554 2471 688 2525 haec
732 2491 829 2542 per
874 2473 1171 2525 Antistium
1206 2472 1574 2554 Furniumque
1620 2473 1827 2542 legatos
1844 2477 1898 2519 51

169 2549 222 2592 et
256 2542 558 2610 Agrippam
593 2541 887 2594 hibernans
922 2544 980 2594 in
1016 2540 1340 2594 Tarraconis
1379 2542 1661 2594 maritimis
1695 2540 1827 2593 Cae-

170 2627 259 2661 sar
297 2611 519 2679 accepit.
556 2628 687 2663 mox
719 2612 836 2680 ipse
864 2628 1121 2680 praesens
1150 2610 1247 2664 hos
1284 2611 1508 2663 deduxit
1534 2610 1822 2674 montibuS,
1842 2619 1900 2659 52

171 2678 268 2732 hos
316 2678 593 2731 obsidibus
641 2681 916 2747 astrinxit,
971 2680 1068 2732 hos
1123 2679 1222 2731 sub
1278 2698 1475 2732 corona
1526 2681 1642 2731 iure
1694 2678 1826 2730 belli

113 2767 158 2800 35
172 2747 519 2799 venundedit.
574 2748 739 2816 digna
791 2766 877 2803 res
929 2748 1080 2801 lauro
1100 2788 1114 2814 ,
1179 2748 1344 2816 digna
1401 2766 1560 2800 curru
1616 2747 1827 2799 senatui
1841 2758 1901 2800 53

169 2817 290 2868 visa
326 2823 435 2883 est3
475 2816 572 2869 sed
605 2818 714 2868 iam
747 2824 928 2870 tantus
966 2823 1079 2870 erat
1109 2816 1336 2883 Caesar,
1381 2817 1569 2885 augeri
1594 2823 1826 2868 contem-

170 2891 322 2937 neret
367 2892 427 2937 ut
478 2885 764 2955 triumpho.
820 2886 1047 2939 Astures
1099 2903 1196 2954 per
1247 2885 1305 2937 id
1356 2892 1568 2956 tempus
1617 2884 1826 2954 ingenti
1840 2897 1899 2938 54
