2020 3168
229 153 298 205 28
849 165 1007 203 chn
1037 165 1277 203 AMPELH

228 290 300 342 ad
335 292 631 342 exercitum
663 290 904 359 perrexit
945 297 998 342 et
1030 307 1150 342 eum
1189 289 1314 342 urbi
1348 290 1604 352 admovit·
1623 297 1675 342 et
1711 290 1767 341 in
1801 307 1894 360 pa-

227 360 388 411 triam
404 360 680 427 ingressus
702 357 1028 427 Capitolium
1049 359 1347 428 occupavit,
1372 377 1475 440 quo
1495 365 1698 411 terrore
1718 359 1894 411 victus

185 434 215 476 2
233 435 447 479 senatus
494 427 667 479 Mari-o
714 428 918 496 totique
962 426 1185 479 factioni
1234 430 1348 480 eius
1394 428 1690 480 mterdixit.
1764 427 1893 479 Pro-

228 497 370 548 fecto
409 496 603 548 deinde
647 497 706 547 in
736 496 926 547 Asiam
961 495 1112 548 Sulla
1145 496 1351 548 Marius
1390 497 1516 548 exul
1559 515 1679 549 cum
1712 496 1893 566 profu-

226 566 396 633 gisset
437 582 501 617 ac
544 566 777 634 primum
805 564 1098 617 Minturnis
1144 566 1202 616 in
1236 565 1433 634 palude
1469 566 1736 631 latuisset,
1780 573 1895 617 tum
1914 586 1939 618 ⁵

227 635 500 686 coniectus
526 635 583 686 in
612 651 883 685 carcerem
912 635 1188 699 evasisset,
1227 636 1441 686 interim
1465 634 1641 686 Cinna
1661 642 1713 687 et
1735 634 1894 686 Octa-

224 703 345 754 vius
392 703 449 754 in
499 702 633 755 urbe
671 703 700 734 '¹‘
721 703 750 733 '¹‘
771 703 815 770 ²¹⁸,
862 703 964 755 hac
1009 704 1290 756 occasione
1326 704 1451 756 data
1484 704 1686 756 Marius
1733 703 1896 755 rediit

226 780 280 823 et
322 790 503 824 secum
543 771 773 824 Cinnam
809 772 1037 824 adduxit
1071 774 1232 824 victis
1266 773 1581 825 Octavianis
1628 773 1891 843 partibuS.

226 839 295 892 Se
336 842 523 892 timum
570 841 757 893 consul
792 849 1001 894 creatus
1049 843 1379 894 saevissimis
1425 842 1680 894 caedibus
1726 850 1893 894 totam

182 915 212 958 3
228 859 417 961 urbem
461 910 773 962 funestavit.
847 909 997 963 Sulla
1037 912 1250 962 interim
1294 913 1439 963 victo
1474 911 1788 963 Mithridate
1833 913 1891 963 in
1908 925 1952 959 ιο

223 978 411 1029 urbem
449 997 701 1031 reversus
736 997 904 1048 prope
939 987 1106 1031 totam
1139 979 1354 1031 Italiam
1389 982 1446 1031 in
1481 981 1644 1031 armis
1685 981 1895 1032 invenit

225 1046 324 1098 sub
370 1049 566 1100 iuvene
603 1048 777 1099 Mario
813 1049 954 1099 Mari
997 1048 1137 1114 filio,
1186 1050 1282 1101 sed
1318 1065 1505 1101 omnes
1549 1050 1663 1101 eius
1711 1051 1894 1118 copias

222 1117 420 1184 partim
462 1117 520 1168 in
557 1117 779 1169 Etruria
828 1117 899 1169 ad
935 1116 1085 1169 Sacri
1127 1126 1325 1185 ortum,
1413 1119 1570 1170 artim
1614 1117 1685 1170 ad
1731 1117 1894 1170 Colli-

221 1202 348 1236 nam
376 1194 587 1254 portam
610 1188 905 1256 prostravit
942 1193 993 1239 et
1023 1204 1083 1238 re
1105 1187 1280 1256 iquias
1317 1206 1349 1238 a
1389 1188 1751 1239 versariorum
1789 1185 1893 1258 [eo-

222 1254 357 1327 rum]
371 1269 385 1320 ‚·
412 1256 527 1325 qui
572 1274 629 1307 se
666 1255 1007 1322 dediderant,
1056 1256 1113 1306 in
1146 1256 1280 1308 villa
1310 1256 1529 1326 publica
1571 1256 1889 1309 trucidavit:
1909 1269 1954 1302 15

222 1325 313 1393 qui
349 1324 700 1393 diffugerant,
748 1325 806 1376 in
841 1324 1028 1377 tabula
1061 1328 1339 1395 proposuit
1385 1326 1501 1378 iure
1535 1327 1797 1396 permisso
1832 1332 1893 1377 ut

221 1394 669 1449 interficerentur.
1088 1400 1089 1403 ’

258 1522 468 1574 XLIII.
544 1523 749 1575 ORDO
786 1522 1012 1575 BELLI
1046 1521 1277 1574 INTER
1313 1520 1713 1575 CAESAREM
1749 1520 1848 1572 ET

844 1603 1256 1656 POMPEIVM.

363 1707 563 1760 Caesar
618 1715 670 1759 et
720 1708 1006 1777 Pompeius
1064 1715 1116 1759 et
1163 1706 1392 1759 Crassus
1448 1706 1583 1757 inita
1634 1705 1952 1758 societatem>

219 1778 502 1847 imperium
546 1777 909 1829 Romanorum
953 1776 1331 1846 possidebant:
1391 1774 1593 1827 Caesar
1636 1774 1890 1842 Gallicos,

223 1845 450 1899 Crassus
489 1845 739 1917 Syriacos
775 1846 1041 1898 exercitus
1078 1844 1341 1912 habebat3
1377 1844 1513 1896 Pom
1552 1844 1665 1896 eius
1702 1843 1893 1896 horum

220 1915 427 1967 viribus
474 1915 643 1967 fretus
701 1917 759 1966 in
808 1922 996 1967 senatu
1044 1913 1435 1967 dominabatur.
1576 1920 1659 1966 ost
1708 1913 1892 1965 Crassi

220 1991 445 2036 mortem
481 1985 625 2054 apud
661 1985 890 2036 Parthos
926 1984 1040 2014 *²¹⁶*

361 2054 394 2117 †
427 2054 615 2106 Musus
665 2054 939 2106 Barbarus
975 2054 1279 2123 Asculanus
1291 2093 1306 2120 ,
1360 2052 1590 2117 Quintus
1640 2052 1887 2103 Lutatius
1904 2069 1950 2102 25

224 2122 466 2175 Catulus.

430 2249 675 2302 XLIIII:
745 2250 851 2301 DE
884 2250 1128 2302 BELLO
1161 2248 1678 2325 MACEDONINCO.

361 2353 600 2423 Populus
646 2355 919 2406 Romanus
965 2372 1086 2406 cum
1131 2353 1519 2406 Macedonibus
1563 2352 1764 2404 bellum
1809 2360 1892 2404 ter

218 2424 404 2493 gessit.
481 2422 591 2475 Sub
628 2423 934 2475 Flaminino
982 2423 1200 2476 consule
1236 2440 1420 2491 regem
1469 2440 1651 2474 eorum
1688 2421 1890 2490 Philip-

217 2512 346 2562 pum
382 2494 537 2559 vicit,
578 2493 676 2544 sub
710 2493 880 2545 Paulo
901 2493 1105 2546 Persen
1131 2492 1369 2561 Philippi
1404 2492 1596 2557 filium,
1638 2490 1736 2543 sub
1772 2490 1884 2542 Me·
1903 2508 1949 2541 30

216 2562 346 2614 tello
368 2562 719 2615 Macedonico
746 2562 1276 2632 Pseudophilippum.
1351 2560 1520 2612 Primi
1551 2560 1682 2612 belli
1711 2577 1887 2626 causa,

220 2632 364 2700 quod
402 2631 468 2682 de
503 2632 715 2684 iniuriis
752 2632 1108 2683 Macedonum
1147 2631 1343 2683 Graeci
1380 2629 1769 2699 querebantur3
1810 2646 1889 2679 se-

219 2701 409 2766 cundi,
449 2700 593 2770 quod
628 2701 820 2753 foedus
857 2718 977 2752 cum
1013 2707 1164 2769 patre
1205 2717 1300 2751 suo
1336 2717 1650 2768 percussum
1684 2697 1889 2766 ruperit

217 2767 443 2839 Perses3
496 2771 671 2837 tertii,
719 2770 862 2840 quod
907 2769 1044 2822 falso
1080 2787 1275 2821 nomen
1309 2785 1499 2838 regum
1534 2767 1889 2819 Macedonum

215 2835 706 2909 Pseudophilippus
743 2840 957 2891 invasit.
1900 2849 1944 2882 ³⁵
