2020 3168
708 184 760 251 Ι,
789 186 872 237 37.
894 185 959 236 38
983 182 1096 255 [111,
1125 185 1173 235 2.
1196 183 1266 267 3],
1755 187 1820 237 51

146 325 320 395 egerit
369 324 663 394 imperator
681 363 697 390 ,
750 340 820 375 an
866 340 1102 377 errorem
1150 323 1209 374 in
1259 322 1541 374 consilium
1585 323 1825 388 verterit,

146 393 398 461 dubium3
444 400 590 446 certe
628 393 950 445 necessitate
988 398 1109 443 acta
1155 392 1328 443 virtus
1365 391 1627 443 victoriae
1665 409 1828 443 causa

144 462 264 514 suit.
331 479 460 514 nam
503 461 783 530 flagitante
829 478 1024 531 aquam
1075 461 1339 526 exercitu,
1394 460 1463 511 ‘si
1506 460 1614 512 viri
1657 461 1823 526 estiS,'
1841 470 1869 511 9

141 532 319 602 inquit
356 537 471 599 ε011,
518 530 633 583 illic
668 528 922 582 habetis.’
977 531 1054 582 ita
1091 547 1160 581 ue
1201 536 1350 581 tanto
1388 529 1581 581 ardore
1622 547 1826 598 pugna-

113 608 263 653 ⁵tum
305 608 409 669 est,
455 618 521 653 ea
564 599 757 652 caedes
799 599 1034 652 hostium
1097 599 1199 665 uit,
1249 607 1309 651 ut
1341 600 1517 652 victor
1556 598 1829 651 Romanus

143 677 364 722 cruento
399 669 621 722 flumine
654 685 765 721 non
798 668 921 738 plus
956 685 1128 739 aquae
1163 667 1364 720 biberit
1409 686 1569 738 quam
1613 668 1830 737 sangui-

140 739 226 803 nis
267 737 640 806 barbarorum.
711 745 855 789 certe
902 755 1004 789 rex
1034 738 1152 806 ipse
1192 737 1567 803 TeutoboduS,
1619 745 1828 807 quater·
1849 753 1903 794 10

140 825 240 860 nos
281 824 548 878 senosque
587 823 751 887 equos
787 805 1061 857 transilire
1093 805 1309 872 solituS,
1348 806 1449 858 vix
1480 824 1671 872 unum,
1708 824 1831 857 cum

140 877 380 947 fugeret,
424 874 696 941 ascendit,
741 875 988 946 proximo
1029 893 1097 926 ue
1147 876 1205 926 in
1251 874 1392 926 saltu
1428 874 1829 944 conprehensus

85 961 126 994 ιο
141 947 358 1015 insigne
405 943 774 1016 spectaculum
818 945 1018 1013 triump
1063 944 1075 955 ‘
1128 943 1248 996 fuit.
1328 944 1456 1014 quip
1499 962 1527 995 e
1574 945 1662 995 vir
1707 961 1829 1013 pro-

142 1015 380 1068 ceritatis
423 1015 656 1067 eximiae
693 1031 855 1084 super
892 1021 1116 1083 tropaea
1154 1031 1252 1065 sua
1287 1014 1460 1065 emine
1501 1020 1572 1065 at.

283 1083 522 1138 Sublatis
550 1083 794 1135 funditus
821 1082 1079 1135 Teutonis
1108 1083 1166 1134 in
1197 1082 1445 1135 Cimbros
1474 1083 1823 1135 convertitur.
1846 1091 1897 1131 11

140 1154 199 1206 hi
230 1155 340 1205 iam
372 1185 446 1195 ·—-
482 1154 601 1224 quis
638 1152 921 1204 crederet?
960 1183 1031 1192 ——
1066 1169 1164 1221 per
1201 1151 1455 1220 hiemem,
1498 1170 1635 1223 quae
1665 1152 1825 1204 altius

140 1223 310 1304 Alpes
345 1222 517 1290 levat,
556 1222 890 1274 Tridentinis
929 1221 1071 1290 iugis
1104 1221 1162 1272 in
1191 1220 1405 1273 Italiam
1431 1222 1707 1291 provoluti
1734 1239 1826 1273 ve-

85 1307 126 1341 15
141 1292 242 1345 lut1
268 1293 426 1344 ruina
455 1290 863 1344 descenderant.
900 1290 1148 1342 Athesim
1175 1289 1376 1345 flumen
1401 1309 1511 1343 non
1538 1298 1701 1362 ponte
1725 1308 1827 1343 nec
1845 1298 1899 1339 12

140 1360 398 1427 navibus,
436 1360 534 1412 sed
560 1359 792 1430 quadam
820 1359 1113 1412 stoliditate
1141 1359 1428 1412 barbarica
1452 1361 1685 1430 primum
1713 1378 1827 1412 cor-

138 1429 362 1501 poribus
409 1428 680 1498 adgressi,
728 1435 1013 1500 postquam
1054 1429 1287 1480 retinere
1325 1447 1537 1481 amnem
1576 1429 1825 1482 manibus

142 1507 194 1552 et
235 1498 304 1551 cli
346 1499 422 1550 eis
458 1498 662 1550 frustra
695 1505 1115 1568 temptaverant,
1156 1498 1371 1566 ingesta
1404 1499 1546 1550 silva
1576 1499 1826 1551 obrutum

139 1569 312 1620 transi
333 1585 487 1620 uere:
534 1569 580 1619 si
618 1568 798 1619 statim
833 1567 1034 1619 infesto
1069 1567 1284 1636 agmine
1321 1567 1513 1620 urbem
1546 1569 1824 1638 petissent,
1844 1580 1898 1623 13

85 1660 129 1692 20
142 1637 348 1708 grande
380 1637 695 1705 discrimem
735 1637 833 1690 sed
858 1638 915 1689 in
940 1637 1196 1703 Venetia,
1231 1654 1341 1707 'quo
1370 1637 1486 1690 fere
1514 1645 1692 1690 tractu
1720 1637 1826 1689 Ita-

140 1708 215 1760 lia
254 1706 571 1759 mollissima
608 1715 713 1774 est,
763 1707 884 1776 ipsa
919 1705 1022 1759 soli
1057 1705 1302 1777 caelique
1340 1706 1624 1760 clementia
1659 1706 1825 1760 robur

142 1777 399 1845 elanguit.
441 1776 512 1828 ad
545 1776 648 1828 hoc
684 1777 840 1847 panis
882 1794 986 1828 usu
1023 1777 1310 1847 carnisque
1347 1784 1531 1830 coctae
1566 1784 1619 1829 et
1648 1775 1827 1829 dulce-

141 1847 267 1899 dine
305 1845 421 1897 vini
464 1846 736 1915 mitigatos
776 1845 983 1898 Marius
1020 1846 1079 1896 in
1114 1852 1356 1916 tempore
1391 1847 1683 1916 adgressus
1727 1851 1828 1906 est.⁴

139 1933 340 1968 venere
369 1915 472 1984 ipsi
502 1946 573 1955 —-
601 1933 725 1967 nam
751 1921 925 1967 metus
953 1915 1012 1966 in
1040 1913 1288 1967 barbaris
1317 1915 1468 1968 nulla
1496 1917 1730 1986 vestigia
1753 1945 1826 1955 —-
1844 1920 1898 1962 14

86 1992 195 2040 25613
229 1984 371 2037 diem
408 2002 483 2054 pu
522 2002 625 2037 nae
661 2003 694 2036 a
728 1991 913 2037 nostro
949 1984 1272 2054 imperatore
1314 1987 1615 2056 petierunt3
1655 1993 1708 2039 et
1745 1985 1826 2036 sic

137 2054 445 2124 proximum
520 2054 646 2106 edit.
700 2054 758 2106 in
793 2054 1164 2125 patentissimo
1174 2094 1188 2120 ,
1233 2073 1392 2125 quem
1423 2055 1696 2108 Raudium
1730 2071 1823 2106 vo-

141 2131 287 2189 cant,
327 2140 515 2244 cambi,
545 2138 882 2176 concurrere.
927 2123 1056 2176 inde
1088 2123 1239 2175 milia
1270 2126 1555 2193 sexaginta
1586 2125 1823 2196 quinque

141 2193 410 2259 cecidere,
496 2193 582 2245 'nc
618 2194 872 2246 trecentis
909 2193 1113 2260 minus,
1156 2211 1254 2263 per
1284 2210 1496 2246 omnem
1526 2194 1669 2246 diem
1699 2210 1822 2245 0011-

141 2262 339 2314 ciditur
364 2260 647 2322 barbarus.
666 2263 809 2336 ‚istic
838 2280 1050 2333 quoque
1081 2263 1374 2332 imperator
1403 2263 1688 2316 addiderat
1711 2262 1819 2315 vir·
1840 2268 1895 2310 15

84 2353 126 2386 30
140 2332 243 2384 tuti
281 2330 488 2398 dolum,
537 2338 750 2384 secutus
791 2331 1119 2384 Annibalem
1166 2339 1443 2403 artemque
1485 2332 1821 2398 Cannarum3

139 2402 373 2472 primum
417 2400 736 2454 nebulosum
770 2410 996 2454 nanctus
1036 2401 1200 2469 diem,
1238 2409 1299 2454 ut
1332 2402 1476 2455 hosti
1513 2403 1821 2472 inopinatus

142 2478 468 2537 occurreret,
506 2478 620 2522 tum
653 2478 935 2524 ventosum
974 2489 1210 2543 quoque,
1245 2480 1306 2523 ut
1338 2471 1520 2542 pulvis
1548 2473 1606 2523 in
1639 2471 1821 2524 oculos

143 2547 195 2598 et
241 2557 337 2592 ora
383 2539 638 2605 ferretur,
685 2547 799 2593 tum
844 2543 961 2594 acie
1011 2559 1275 2594 conversa
1319 2543 1378 2593 in
1418 2543 1700 2607 orientem,
1745 2547 1820 2607 ut,

0 2666 1 2683 χ
142 2608 287 2680 quod
324 2610 402 2661 ex'
429 2610 657 2679 captivis
695 2628 823 2664 mox
859 2612 1133 2680 cognitum
1172 2618 1273 2677 est,
1315 2630 1385 2664 ex
1412 2610 1699 2681 splendore
1727 2628 1821 2680 ga·

0 2685 1 2734 ἰ
86 2700 128 2733 35
144 2678 350 2731 learum
386 2697 511 2731 aere
539 2697 854 2749 repercusso
882 2682 1037 2751 quasi
1065 2680 1256 2733 ardere
1287 2680 1495 2733 caelum
1523 2681 1819 2733 videretur.

142 2766 242 2801 nec
272 2749 448 2802 minor
479 2767 599 2802 cum
625 2749 887 2802 uxoribus
919 2768 1103 2802 eorum
1135 2768 1320 2819 pugna
1350 2769 1509 2819 quam
1541 2768 1662 2801 cum
1686 2749 1818 2819 ipsis
1839 2759 1893 2801 16

144 2818 271 2886 fuit3
319 2836 440 2871 cum
487 2818 710 2871 obiectis
756 2819 994 2890 undique
1035 2819 1294 2901 plaustris
1339 2827 1499 2889 atque
1552 2820 1818 2890 carpentis

143 2885 284 2939 altae
322 2887 553 2958 desuper
593 2887 870 2942 securibus
907 2896 1185 2959 contisque
1225 2895 1545 2958 pugnarent.
1562 2888 1817 2989 *perinde
1838 2902 1889 2943 17
