2020 3168
601 521 1264 611 ‘PRAEFATJQ

202 757 396 835 Florum
412 777 468 821 ab
486 775 521 822 Ο
536 779 696 820 ttone
723 775 864 820 Iahn
879 777 891 821 i
906 791 933 821 o
957 790 1045 834 ope
1069 774 1246 820 codicis
1259 774 1621 833 Bambergensis
1643 777 1705 821 ita
1726 790 1881 821 emen-

62 847 220 892 datum
241 845 524 905 accepimus,
553 849 602 890 ut
622 846 754 903 quasi
775 859 927 891 novus
950 846 1146 904 scriptor
1166 843 1398 889 v1deatur.
1433 845 1545 890 Eius
1561 847 1883 892 recensionem

64 931 166 962 cum
193 928 584 975 recognoscerem
610 915 834 972 optimum
863 914 1073 959 codicem
1097 915 1252 972 ipsum
1288 913 1350 958 ad
1374 927 1538 959 manus
1572 915 1779 970 habens,
1815 915 1883 959 di·

61 985 366 1044 ligenfissime
401 985 528 1030 illum
557 984 745 1042 quidem
771 985 988 1030 collatum
1023 983 1209 1039 inveni,
1243 987 1292 1028 ut
1322 996 1560 1042 perpauca
1583 998 1707 1030 nova
1733 998 1881 1043 eaque

62 1056 159 1100 sere
193 1057 239 1100 in
270 1055 447 1100 rasuris
478 1053 666 1099 latentia
697 1067 859 1098 eruere
890 1067 1111 1112 possem,
1155 1052 1273 1109 sed,
1295 1057 1344 1097 ut
1376 1058 1481 1097 sunt
1509 1067 1655 1111 opera
1680 1054 1883 1099 humana

62 1125 358 1183 imperfecta,
386 1137 484 1169 rem
514 1122 692 1178 detexi,
731 1136 821 1180 qua
841 1124 1059 1181 princeps
1085 1123 1224 1167 huius
1255 1123 1494 1180 scriptoris
1518 1123 1660 1168 editio
1685 1124 1776 1168 hoc
1802 1138 1882 1167 no-

62 1195 183 1238 mine
213 1206 328 1252 vere
353 1193 495 1252 digna
516 1193 718 1250 aliquam
744 1193 898 1237 labem
933 1193 1085 1237 traxit.
1139 1193 1257 1237 Nam
1287 1205 1391 1236 cum
1419 1192 1608 1238 Iahnius
1628 1192 1687 1237 ad
1722 1193 1884 1238 editio-

63 1276 170 1307 nem
198 1254 418 1313 See‘bodii
436 1298 446 1317 ‚
483 1262 560 1319 qui
589 1261 726 1307 novis
752 1262 1027 1306 lectionibus
1052 1261 1230 1306 codIcis
1250 1262 1612 1320 Bambergensis
1643 1268 1882 1320 praestan-

62 1332 254 1377 tissimis
284 1331 510 1390 neglectis
548 1330 594 1373 in
626 1331 875 1375 verborum
904 1336 1166 1376 contextum
1196 1343 1289 1375 non
1310 1330 1564 1376 admiserat
1590 1332 1679 1377 nisi
1705 1346 1881 1389 paucas

64 1401 414 1446 emendationes
435 1399 663 1454 leviores,
701 1398 913 1444 codicem
941 1400 1235 1455 contulisset,
1264 1399 1350 1444 sed
1376 1403 1638 1459 exemplum
1665 1401 1881 1446 editionis

62 1470 336 1529 Bipontinae
368 1483 396 1526 a
421 1482 470 1514 se
497 1474 754 1513 correctum
779 1470 967 1514 librario
997 1468 1293 1524 tradidisset,
1330 1471 1490 1514 nescio
1526 1485 1615 1528 quo
1643 1476 1778 1528 pacto
1806 1485 1881 1516 ac-

66 1539 179 1585 cidit
203 1545 252 1585 ut
282 1540 456 1598 aliquot
483 1540 633 1583 bonae
658 1538 882 1582 lectiones
932 1552 960 1583 a
995 1538 1228 1585 Seebodio
1271 1539 1420 1597 primo
1457 1553 1515 1582 ex
1547 1540 1881 1598 Bambergensi

63 1614 279 1668 receptae
309 1610 355 1654 in
387 1607 740 1653 transcribendo
769 1609 1255 1667 praetermitterentur.
1302 1609 1397 1654 Has
1422 1622 1536 1667 eg0,
1571 1615 1623 1654 ut
1649 1623 1733 1667 par
1768 1615 1879 1665 erat,

63 1678 230 1724 reduxi
262 1683 306 1723 et
327 1685 497 1737 quanta
517 1678 644 1736 potui
679 1690 790 1722 cura
810 1677 858 1722 id
882 1679 959 1736 egi
989 1683 1036 1722 ut
1062 1678 1248 1723 tandem
1267 1678 1430 1723 Florus
1461 1678 1519 1722 ad
1539 1678 1678 1722 fidem
1705 1678 1881 1724 codicis

63 1750 108 1792 in
129 1749 294 1806 paucis
317 1749 494 1808 egregii
523 1747 877 1806 diligentissime
904 1748 1184 1807 exigeretur.
1233 1749 1479 1792 Praeterea
1505 1750 1638 1792 trium
1667 1748 1880 1793 codicum

66 1817 303 1873 Iordanis,
344 1832 460 1875 quos
493 1818 595 1875 ipse
635 1830 936 1862 excusseram
974 1821 1046 1872 (v.
1075 1817 1222 1861 Iahnii
1258 1818 1405 1874 praef.
1438 1831 1485 1877 p.
1516 1818 1621 1871 VII)
1659 1818 1880 1864 lectiones

63 1888 351 1945 perlustrans
385 1887 629 1932 nonnullas
658 1888 806 1931 bonas
836 1888 1019 1942 inveni,
1058 1900 1174 1944 quas
1196 1886 1384 1932 Iahnius
1418 1886 1623 1931 nondum
1658 1888 1702 1930 in
1731 1889 1878 1932 lucem

63 1961 369 2015 protraxerat.
426 1956 477 1999 In
511 1955 602 2000 hoc
638 1955 800 2000 iterato
834 1970 936 2000 cum
958 1958 1094 2000 Floro
1115 1956 1451 2015 Bambergensi
1477 1962 1643 2001 etcum
1671 1957 1879 2002 Iordanis

66 2025 306 2071 codicibus
338 2025 615 2071 commercio
643 2023 744 2069 fieri
776 2038 868 2069 non
897 2026 1046 2083 potuit
1070 2030 1119 2070 ut
1148 2039 1241 2069 non
1266 2027 1439 2084 aliquot
1462 2028 1591 2071 locos
1612 2040 1670 2070 ex
1693 2027 1879 2085 ingenio

66 2096 366 2154 corrigerem,
396 2107 590 2152 quorum
612 2093 874 2138 emendatio
898 2095 1008 2139 mihi
1035 2094 1239 2139 nondum
1259 2101 1562 2148 successerat,
1592 2109 1694 2139 cum
1718 2096 1878 2140 Iahnio

67 2165 223 2222 spicas
250 2180 276 2210 a
306 2178 378 2209 me
412 2166 642 2210 sublectas
671 2165 927 2222 impertivi‚
968 2164 1053 2209 sed
1074 2164 1199 2222 quod
1226 2165 1360 2209 etiam
1393 2166 1528 2222 plura
1555 2164 1802 2213 emendare
1829 2168 1881 2210 li-

66 2236 184 2289 cuit,
213 2234 261 2279 id
289 2238 530 2291 acceptum
558 2234 709 2277 resero
740 2232 888 2278 doctis
910 2234 1098 2290 amicis,
1135 2234 1535 2293 Bezzenberyero‚
1570 2233 1879 2292 Mommsenio,

67 2302 330 2361 Spenyelio‚
375 2302 660 2360 Woelfflino,
695 2302 786 2347 Ed.
828 2303 1057 2363 Wurmio‚
1096 2304 1171 2362 qui
1203 2318 1314 2349 suas
1347 2305 1636 2348 coniecturas
1671 2304 1727 2348 de
1757 2319 1879 2349 com-

66 2374 275 2429 pluribus
306 2372 421 2416 locis
452 2372 711 2429 desperatis
747 2386 929 2417 mecum
960 2373 1434 2420 communicaverunt.
1498 2374 1550 2418 In
1581 2372 1877 2419 adnotatione

67 2447 219 2487 autem
249 2442 407 2487 critica
436 2441 643 2487 subiecta
668 2455 829 2487 omnes
850 2443 980 2488 locos
1008 2443 1239 2500 indicavi,
1278 2444 1323 2488 in
1349 2444 1513 2501 quibus
1538 2456 1642 2487 mea
1666 2445 1880 2488 recenSIO

65 2512 124 2555 ab
145 2511 367 2556 Iahniana
394 2511 652 2568 discrepat,
683 2525 773 2569 qua
800 2514 845 2556 in
874 2526 923 2556 re
955 2513 1029 2558 his
1059 2514 1179 2558 notis
1206 2527 1319 2558 usus
1345 2524 1471 2557 sum:

275 2581 310 2625 B
331 2598 402 2619 ==
426 2580 578 2626 codex
597 2580 959 2640 Bambergensis
977 2583 1117 2626 Flori.

272 2650 312 2694 N
335 2668 407 2690 =
426 2650 578 2696 codex
596 2650 884 2696 Nazarianus
910 2653 1050 2697 Flori.

273 2721 292 2764 I
335 2739 405 2762 Ξ
424 2720 611 2765 codices
640 2719 852 2765 Iordanis
877 2723 947 2778 (v.
978 2722 1124 2766 Iahnii
1146 2723 1291 2780 praef.
1317 2736 1365 2779 p.
1392 2722 1454 2765 VI
1475 2723 1599 2779 sqq.)

273 2790 322 2835 Ib
347 2810 402 2831 =
424 2789 575 2834 codex
594 2789 953 2848 Bambergensis
979 2792 1200 2836 historiae
1221 2793 1456 2836 miscellae
1472 2826 1482 2845 ,
1514 2805 1633 2848 quae
1654 2797 1874 2849 excerpta

426 2873 483 2904 ex
509 2860 645 2904 Floro
680 2860 898 2904 continet.
946 2861 1069 2905 Haec
1099 2862 1320 2919 incipiunt
1355 2876 1380 2905 a
1400 2862 1556 2906 verbis
1580 2863 1730 2922 itaque
1754 2861 1875 2905 hunc

1459 2945 1485 2975 a
1506 2926 1530 2957 ιι
