2020 3168
215 174 282 225 36
810 182 986 223 FLom
1006 181 1281 222 EPITOMA.

214 309 343 363 bal?
370 308 465 361 sed
481 326 581 361 rex
598 309 707 360 suis
727 306 917 377 opibus
946 314 999 358 et
1020 307 1234 359 nomine
1257 307 1407 374 regio
1429 306 1597 359 fretus
1632 307 1763 359 satis
1784 306 1880 359 ha·

173 406 199 446 7
214 378 332 431 buit
348 377 551 431 bellum
568 394 802 429 movere.
849 375 1070 444 Europa
1097 376 1204 427 iam
1223 373 1386 427 dubio
1405 375 1593 444 procul
1611 377 1728 428 iure
1747 375 1881 428 belli
1935 391 1938 395 ’

216 449 286 499 ad
305 447 572 500 Romanos
591 443 912 514 pertinebat.
938 443 1026 495 hic
1043 442 1458 513 Lysimachiam,
1478 442 1669 496 urbem
1685 444 1744 496 in
1761 443 1880 497 lito-

214 534 273 567 re
285 515 514 566 Thracio
523 513 752 583 positam
770 530 803 563 a
820 511 1114 564 maioribus
1134 512 1261 578 suis,
1281 510 1580 563 Antiochus
1598 518 1658 563 ut
1673 511 1882 564 heredi-

172 611 200 652 8
214 585 352 636 tario
372 584 488 634 iure
506 580 799 650 repetebat.
854 580 955 633 hoc
973 579 1124 632 velut
1143 580 1319 633 sidere
1335 580 1565 632 Asiatici
1581 579 1714 632 belli
1739 587 1884 634 mota
1901 600 1921 632 5
1994 628 1996 630 .

214 659 522 721 tempestas,
582 657 663 701 set
680 650 946 702 maximus
966 666 1169 718 regum,
1198 656 1477 702 contentus
1510 649 1722 702 fortiter
1746 649 1884 702 indi-

212 722 360 773 xisse
369 719 586 786 bellum,
601 736 723 770 cum
742 719 951 786 ingenti
972 719 1197 787 strepitu
1211 735 1275 770 ac
1288 717 1521 770 tumultu
1538 718 1797 771 movisset
1816 736 1886 770 ex

213 790 363 855 Asia,
393 788 666 857 occupatis
690 788 871 839 statim
888 786 1079 838 insulis
1109 786 1476 857 Graeciaeque
1503 786 1751 839 litoribus
1776 787 1886 839 otia

170 875 199 917 9
216 865 268 910 et
280 857 440 909 luxus
453 858 606 927 quasi
615 857 790 908 victor
797 854 1054 924 agitabat.
1073 854 1334 908 Euboean
1350 854 1582 907 insulam
1593 855 1887 908 continenti

215 926 597 978 adhaerentem
623 926 775 976 tenui
809 924 948 976 freto
973 923 1431 994 reciprocantibus
1463 925 1614 994 aquis
1643 924 1879 994 Euripus
1899 942 1939 975 ιο

215 994 500 1047 abscindit.
572 994 662 1045 hic
708 993 799 1045 ille
834 994 1023 1063 positis
1075 995 1252 1045 aureis
1302 994 1594 1063 sericisque
1639 993 1884 1046 tentoriis

216 1063 316 1115 sub
350 1064 467 1132 ipso
507 1062 634 1114 freti
669 1079 957 1128 murmure,
997 1079 1118 1113 cum
1146 1060 1503 1131 praefluentes
1542 1078 1712 1130 aquae
1738 1061 1887 1113 tibiis

214 1131 519 1201 fidibusque
556 1131 925 1197 concinerent,
978 1129 1203 1183 conlatis
1237 1129 1477 1199 undique
1514 1131 1757 1199 quamvis
1793 1148 1890 1199 per

214 1200 443 1252 hiemem
471 1201 624 1265 rosiS,
656 1217 725 1251 ne
761 1216 871 1252 non
907 1198 1086 1269 aliquo
1114 1216 1312 1268 genere
1342 1198 1533 1250 ducem
1563 1205 1763 1268 ageret,
1783 1200 1889 1251 vir-

146 1283 201 1325 10
216 1271 402 1338 ginum
417 1286 810 1338 puerorumque
836 1268 1061 1321 dilectus
1081 1267 1330 1320 habebat.
1369 1267 1533 1319 talem
1554 1285 1681 1337 ergo
1701 1285 1886 1337 regem
1903 1281 1943 1314 15
2000 1271 2002 1273 ’

216 1340 325 1390 iam
363 1338 580 1390 luxuria
617 1355 712 1389 sua
751 1336 1077 1389 debellatum
1119 1336 1296 1397 Acilio
1336 1335 1630 1389 Glabrione
1669 1336 1887 1391 consule
2001 1339 2003 1341 ’

216 1406 755 1477 populus‘Romanus
790 1408 848 1457 in
885 1405 1063 1457 insula
1098 1406 1386 1475 adgressus
1419 1407 1536 1475 ipso
1580 1408 1761 1458 statim
1797 1406 1888 1458 ad-

151 1493 202 1533 11
220 1482 413 1528 ventus
440 1477 523 1527 sui
548 1477 735 1528 nuntio
769 1476 945 1544 coegit
980 1474 1047 1526 ab
1084 1475 1262 1526 insula
1291 1474 1499 1543 fugere.
1542 1482 1658 1527 tum
1683 1476 1887 1546 praeci-

255 1546 381 1597 item
413 1551 540 1614 aput
572 1544 841 1613 Thermop
883 1544 961 1595 las
990 1544 1291 1611 adsecutUS,
1321 1543 1499 1595 locum
1525 1551 1887 1597 trecentorum

216 1563 493 1665 {laconum
532 1614 774 1683 speciosa
810 1563 961 1664 ciade
999 1613 1417 1679 memorandum,
1459 1631 1528 1665 ne
1555 1613 1633 1665 ibi
1670 1613 1887 1684 quidem
1902 1622 1945 1655 20

217 1682 416 1734 fiducia
466 1682 572 1735 loci
616 1684 957 1733 resistentem
1003 1683 1140 1734 mari
1183 1693 1246 1734 ac
1279 1689 1424 1734 terra
1463 1682 1653 1734 cedere
1691 1684 1886 1751 coegit.

149 1768 203 1808 12
220 1752 400 1803 statim
439 1758 490 1803 et
526 1770 555 1803 e
594 1752 825 1819 vestigio
865 1753 972 1802 itur
1005 1752 1062 1802 in
1098 1750 1329 1821 Syriam.
1392 1751 1579 1803 classis
1612 1752 1764 1820 regia
1787 1752 1888 1803 Po-

218 1820 508 1890 lyxenidae
536 1819 900 1890 Annibalique
932 1821 1215 1873 commissa
1242 1852 1313 1859 —-
1345 1837 1473 1871 nam
1500 1839 1600 1872 rex
1626 1820 1891 1890 proelium

217 1907 319 1941 nec
358 1896 600 1958 spectare
676 1895 861 1956 oterat,
898 1921 968 1929 —
1002 1889 1136 1941 duce
1172 1889 1404 1943 Aemilio
1447 1889 1527 1942 Re
1568 1889 1686 1956 illo,
1738 1889 1889 1942 adre-
1971 1898 1975 1900 “

150 1978 203 2019 13
220 1957 548 2026 migantibus
586 1958 634 2010 R
675 1958 811 2010 odiis
857 1965 971 2010 tota
1014 1958 1298 2010 laceratur.
1370 1977 1439 2011 ne
1486 1908 1590 2010 siffii
1637 1958 1885 2028 placeant
1900 1973 1940 2005 25

219 2027 481 2094 Athenae,
519 2029 577 2079 in
612 2027 880 2079 Antiocho
911 2029 1140 2079 vicimus
1170 2027 1412 2094 Xerxen,
1451 2028 1508 2078 in
1533 2027 1765 2079 Aemilio
1796 2027 1889 2079 Al-

220 2095 487 2149 cibiadem
526 2115 588 2148 ae
627 2098 897 2162 uavimuS,
944 2096 1160 2166 Epheso
1199 2095 1471 2148 Salamina
1519 2098 1886 2166 pensavimus,

151 2177 204 2217 14
221 2171 334 2216 tum
360 2165 577 2218 consule
648 2166 871 2235 cipione,
906 2167 993 2217 cui
1019 2166 1200 2232 frater,
1246 2165 1338 2217 ille
1365 2166 1523 2220 modo
1552 2167 1726 2219 victor
1761 2165 1889 2218 Car·

219 2233 455 2303 thaginis
488 2235 797 2302 Africanus,
838 2235 1024 2288 aderat
1060 2234 1365 2287 voluntaria
1389 2235 1674 2304 legatione,
1709 2234 1888 2287 debel-

220 2303 322 2354 lari
350 2322 535 2371 regem
569 2303 761 2373 placet.
820 2311 872 2356 et
908 2306 1016 2355 iam
1052 2311 1163 2357 toto
1203 2311 1437 2356 cesserat
1467 2306 1619 2371 mari,
1660 2304 1756 2357 sed
1789 2321 1885 2356 nos
1903 2323 1943 2356 30

151 2372 357 2423 15imus
394 2372 635 2424 ulterius„
693 2373 1045 2426 Maeandrum
1084 2373 1153 2425 ad
1189 2391 1400 2425 amnem
1438 2380 1777 2443 montemque
1810 2371 1888 2425 Si-

218 2440 405 2510 pylum
425 2449 601 2493 castra
618 2449 903 2511 ponuntur.
948 2442 1036 2494 hic
1064 2461 1165 2494 rex
1192 2443 1510 2495 incredibile
1529 2442 1676 2494 dictu
1694 2441 1886 2522 quibus

152 2510 454 2577 16auxiliiS,
494 2510 685 2581 quibus
725 2513 891 2581 copiis
939 2512 1270 2563 consederat.
1343 2519 1582 2564 trecenta
1617 2510 1766 2562 milia
1799 2529 1888 2580 pe-

221 2578 403 2645 ditum,
450 2598 477 2631 e
517 2582 687 2632 uitum
718 2581 1140 2651 falcatorumque
1172 2599 1423 2633 curruum
1451 2599 1559 2634 non
1587 2581 1761 2633 minor
1793 2598 1888 2631 nu-

219 2665 413 2700 merus,
465 2667 492 2700 e
518 2649 760 2719 ephantis
792 2651 861 2702 ad
893 2650 993 2703 hoc
1021 2651 1295 2702 inmensae
1322 2649 1723 2720 magnitudiniS,
1754 2666 1883 2702 auro
1902 2667 1943 2700 35

217 2733 454 2786 purpura
482 2726 705 2787 argento
739 2726 790 2771 et
819 2737 913 2772 suo
944 2718 1104 2772 ebore
1137 2719 1484 2787 fulgentibUS,
1515 2719 1684 2770 aciem
1703 2718 1885 2768 utrim-

150 2799 201 2838 17
220 2802 321 2853 que
351 2787 664 2839 vallaverat.
705 2789 799 2839 sed
828 2788 960 2840 haec
989 2789 1166 2840 omnia
1186 2789 1498 2858 praepedita
1517 2786 1886 2855 magnitudine

220 2870 330 2919 sua,
361 2856 429 2907 ad
458 2856 557 2909 hoc
586 2856 771 2923 imbre,
804 2859 894 2927 qui
926 2857 1100 2909 subito
1125 2857 1435 2926 superfusus
1466 2858 1602 2908 mira
1629 2855 1886 2907 felicitate
