2020 3168
772 216 831 268 ΙΙ
842 256 857 284 ,
884 219 944 268 13
967 215 1092 288 [1111,
1115 215 1186 286 21.
1262 266 1265 268 ,
1739 225 1805 275 85

143 377 267 413 cum
297 358 498 412 maiore
536 355 799 409 dedecore
833 372 930 425 per
964 353 1278 406 Thessalica
1310 355 1513 427 Tempe
1551 375 1687 428 equo
1723 358 1805 411 fu-

182 435 319 494 eret,
365 434 426 479 ut
458 443 568 478 una
611 423 864 477 navicula
895 422 1115 476 Lesbon
1149 423 1533 494 applicaretur,
1580 433 1641 478 ut
1674 425 1805 498 Sye-

142 446 256 549 gsis
306 498 365 548 in
417 495 631 548 deserto
686 492 909 547 Ciliciae
964 491 1184 562 scopulo
1233 492 1420 563 fugam
1453 494 1512 546 in
1555 493 1803 564 Parthos,

140 565 387 618 Africam
427 564 519 616 vel
561 564 646 616 Ae
759 568 874 615 tum
917 563 1172 631 agitaret,
1217 570 1278 615 ut
1323 562 1554 635 denique
1587 563 1805 618 Pelusio
1822 581 1878 622 52

85 655 106 686 5
141 634 300 687 litore
344 633 569 703 imperio
616 581 870 684 ffisimi
910 632 1083 700 regis,
1126 631 1367 684 consiliis
1405 632 1702 703 spadonum
1738 640 1806 701 et,

49 768 53 772 ᾗ
140 722 209 755 ne
246 703 377 785 quid
402 701 559 754 malis
592 701 830 768 deesset,
881 699 1126 782 Septimii
1169 700 1463 753 desertoris
1502 704 1586 754 sui
1622 702 1807 772 gladio

139 771 436 824 trucldatus
474 769 574 822 sub
606 768 775 822 oculis
810 787 997 822 uxoris
1035 787 1162 821 suae
1197 768 1599 841 liberorumque
1635 789 1808 825 more-

141 848 303 893 retur.

280 909 414 975 Quis
451 926 560 961 non
594 914 871 978 peractum
907 925 1025 958 esse
1062 924 1183 959 cum
1218 907 1477 977 Pompeio
1521 908 1807 962 crederet}>
1826 927 1881 969 53

85 1000 125 1033 10
140 980 327 1049 atquin
360 979 537 1030 acrius
570 975 737 1028 multo
784 984 944 1047 atque
987 975 1357 1028 vehementius
1394 976 1695 1029 Thessalici
1731 979 1809 1030 in-

140 1048 318 1100 cendii
366 1049 573 1100 cineres
628 1045 982 1097 recaluerunt.
1072 1052 1125 1097 et
1170 1046 1228 1097 in
1279 1047 1531 1116 Aegypto
1587 1047 1805 1117 quidem
1823 1064 1880 1104 54

140 1117 401 1169 adversus
431 1115 719 1181 Caesarem
756 1116 870 1166 sine
906 1114 1150 1184 partibus
1186 1113 1404 1167 bellum.
1453 1116 1545 1185 qui
1584 1134 1651 1185 pe
1685 1134 1806 1168 cum
1827 1132 1881 1172 55

139 1182 504 1251 Ptolemaeus,
550 1202 651 1236 rex
694 1183 1087 1249 Alexandriae,
1143 1201 1405 1236 summum
1453 1185 1562 1236 civi
1585 1187 1630 1237 is
1678 1185 1810 1238 belli

141 1255 316 1307 scelus
349 1255 650 1325 peregisset
685 1260 738 1305 et
772 1252 962 1305 foedus
982 1253 1249 1305 amicitiae
1285 1271 1406 1305 cum
1432 1251 1666 1306 Caesare
1702 1273 1809 1307 me-

86 1339 127 1373 15
144 1325 232 1377 dio
268 1324 495 1393 Pompei
531 1323 707 1391 capite
744 1323 1038 1388 sanxisset,
1086 1321 1346 1374 ultionem
1380 1321 1666 1375 clarissimi
1704 1325 1810 1376 viri

139 1392 386 1446 manibus
423 1399 713 1472 quaerente
758 1391 1000 1442 Fortuna
1037 1408 1198 1442 causa
1233 1408 1342 1442 non
1389 1390 1577 1444 defuit.
1654 1392 1810 1446 Cleo·
1829 1406 1885 1448 56

137 1470 307 1533 patra,
344 1478 489 1529 regis
528 1477 693 1525 soror,
715 1459 909 1511 adfusa
939 1458 1188 1512 Caesaris
1223 1459 1452 1528 genibus
1483 1468 1692 1530 partem
1726 1481 1808 1514 re-

139 1533 234 1601 gni
266 1529 600 1600 reposcebat.
674 1528 860 1582 aderat
930 1528 1105 1581 uellae
1140 1528 1330 1595 forma,
1370 1537 1423 1580 et
1460 1547 1599 1599 quae
1639 1531 1810 1600 dupli-

139 1609 352 1654 caretur
399 1617 470 1651 ex
512 1598 632 1665 illo,
681 1598 826 1669 quod
854 1599 984 1650 tais
1024 1616 1186 1668 passa
1217 1597 1505 1650 videbatur
1541 1600 1808 1667 iniuriam,

82 1691 126 1724 20
144 1670 326 1722 odium
358 1670 528 1739 ipsius
564 1669 710 1738 regis
721 1708 735 1734 ,
775 1668 877 1738 'qui
913 1667 1046 1719 Pom
1086 1669 1136 1720 ei
1177 1685 1365 1720 necem
1409 1669 1645 1737 partium
1680 1669 1807 1737 fate,
1828 1684 1883 1726 57

139 1758 249 1791 non
283 1737 505 1791 Caesari
539 1737 790 1804 dederat,
839 1736 985 1789 haud
1068 1736 1195 1790 ubie
1231 1737 1375 1789 idem
1421 1738 1478 1788 in
1510 1737 1686 1807 ipsum
1719 1757 1809 1790 au-

141 1826 296 1861 surus
308 1847 324 1874 ,
370 1808 417 1858 si
463 1806 656 1859 fuisset
699 1807 927 1858 occasio.
1013 1824 1172 1877 quam
1219 1806 1315 1859 ubi
1351 1806 1554 1860 Caesar
1596 1808 1810 1859 restitui
1826 1821 1882 1862 58

140 1878 298 1930 iussit
331 1877 390 1928 in
419 1894 661 1945 regnum,
699 1876 879 1927 statim
911 1875 979 1927 ab
1014 1875 1186 1928 isdem
1220 1875 1628 1946 percussoribus
1652 1877 1810 1928 Pom·

139 1948 229 2017 pei
265 1946 518 1999 obsessus
565 1946 624 1996 in
658 1946 812 2014 regia
854 1946 1098 2015 quamvis
1137 1947 1337 2014 exigua
1371 1963 1535 1998 manu
1569 1946 1809 2014 ingentis

85 2034 128 2068 25
146 2017 413 2068 exercitus
462 2014 659 2067 molem
708 2015 845 2065 mira
893 2015 1092 2066 virtute
1140 2016 1408 2066 sustinuit.
1483 2032 1547 2067 ac
1575 2016 1810 2084 primum
1826 2019 1882 2062 59

177 2086 507 2138 roximorum
541 2083 909 2135 aedificiorum
941 2090 1100 2154 atque
1134 2084 1408 2135 navalium
1443 2084 1693 2136 incendio
1730 2085 1809 2135 in·

139 2104 401 2206 festorum
434 2153 669 2205 hostium
701 2152 812 2205 tela
849 2155 1149 2221 summovit,
1189 2171 1318 2205 mox
1351 2154 1409 2204 in
1433 2153 1811 2223 paeninsulam

142 2223 360 2275 Pharon
398 2222 604 2274 subitus
654 2223 855 2289 evasit3
904 2222 1030 2274 inde
1076 2221 1329 2293 depulsus
1374 2225 1432 2274 in
1467 2223 1639 2273 maria
1673 2223 1811 2273 mira

142 2292 401 2345 felicitate
435 2291 507 2343 ad
582 2292 848 2343 roximam
894 2292 1122 2345 classem
1157 2293 1418 2358 enatavit,
1468 2290 1657 2343 relicto
1729 2292 1810 2342 ui-

86 2383 129 2416 30
146 2362 268 2414 dem
310 2363 368 2413 in
408 2360 558 2412 fluct1
598 2379 660 2412 us
706 2361 1084 2431 paludamento
1131 2380 1226 2414 seu
1268 2361 1379 2413 fato
1428 2379 1524 2412 seu
1565 2360 1716 2412 consi
1739 2360 1807 2424 io,

143 2439 202 2483 ut
236 2431 372 2483 illud
405 2429 778 2499 ingruentibus
814 2430 1049 2484 hostium
1075 2431 1196 2483 telis
1229 2432 1483 2502 saxisque
1517 2435 1806 2499 peteretur.

142 2510 270 2553 tunc
314 2506 560 2569 receptus
606 2517 639 2550 a
683 2499 921 2553 classicis
961 2502 1096 2568 suiS,
1143 2500 1382 2570 undique
1420 2498 1578 2551 simul
1625 2498 1807 2550 hostes
1826 2507 1883 2550 60

143 2571 362 2623 adortus
394 2569 462 2621 de
493 2567 681 2621 inbelli
713 2586 776 2621 ac
811 2570 1018 2640 perfida
1046 2577 1207 2640 gente
1244 2571 1387 2621 iusta
1421 2568 1609 2638 generi
1644 2568 1810 2618 mani-

142 2639 244 2691 bus
276 2639 441 2692 dedit.
517 2638 713 2709 quippe
761 2645 813 2690 et
859 2639 1169 2693 Theodotus
1216 2640 1475 2708 magister
1520 2643 1810 2705 auctorque

90 2729 132 2762 35
147 2711 312 2761 totius
340 2707 495 2774 belli,
537 2714 590 2759 et
626 2725 694 2758 ne
728 2707 909 2760 virilia
954 2709 1171 2779 quidem
1223 2715 1498 2778 portenta,
1547 2705 1810 2756 Pothinus

145 2786 304 2848 atque
356 2775 702 2847 Ganymedes
750 2776 966 2829 diversa
1017 2797 1114 2848 per
1161 2795 1309 2830 mare
1364 2785 1416 2829 et
1460 2784 1631 2827 terras
1680 2773 1812 2842 fuga

144 2856 314 2899 morte
360 2846 676 2915 consumpti.
758 2847 903 2915 regis
949 2848 1117 2929 ipsius
1162 2864 1353 2916 corpus
1388 2845 1638 2898 obrutum
1681 2842 1809 2894 limo

145 2924 416 2987 repertum
454 2923 534 2967 est
569 2916 624 2967 in
660 2931 853 2967 aureae
889 2915 1088 2968 lor1cae
1122 2916 1342 2968 honore.
