2020 3168
229 196 296 248 98
820 211 995 251 FLom
1023 211 1299 251 EPITOMA.

185 341 385 388 9cutus
421 336 717 402 AntoniuS,
765 335 861 387 sed
905 336 1107 388 instare
1151 336 1399 404 vestigiis
1449 336 1665 389 Caesar.
1712 339 1897 408 itaque

228 422 329 456 nec
364 410 684 473 praeparata
718 404 776 455 in
820 403 1096 456 Oceanum
1138 404 1273 472 fuga
1316 422 1417 456 nec
1451 407 1658 458 munita
1692 407 1897 476 praesi-

231 474 335 525 diis
371 480 596 542 utraque
631 473 873 542 Aegypti
908 490 1134 539 cornua,
1181 472 1563 525 Paraetonium
1597 483 1759 554 atque
1794 474 1895 526 Pe-

230 541 450 607 lusium,
486 541 771 610 profuere:
804 558 972 622 prope
1006 559 1171 593 manu
1205 540 1545 595 tenebantur.
1592 560 1741 612 prior
1789 542 1894 594 fer-

227 627 347 662 rum
394 610 677 678 occupavit
718 609 987 662 Antonius
996 649 1011 676 ,
1068 610 1259 678 regina
1316 611 1387 663 ad
1430 610 1596 680 pedes
1647 610 1897 664 Caesaris
1918 633 1939 665 5

227 678 517 748 provoluta
543 679 828 747 temptavit
846 678 1029 731 oculos
1057 678 1228 731 ducis·
1267 679 1472 731 frustra
1492 679 1738 750 quidem3
1774 697 1901 731 nam

162 764 219 807 10
271 747 577 800 ulchritudo
625 747 769 798 infra
813 746 1130 816 pudicitiam
1174 748 1435 818 principis
1479 747 1599 801 fuit.
1647 766 1749 800 nec
1805 747 1902 800 illa

274 835 302 868 e
335 817 475 883 vita,
549 834 652 869 uae
687 815 1033 883 offerebatur,
1073 816 1170 868 sed
1215 817 1283 870 de
1319 824 1474 887 parte
1504 818 1662 886 regni
1691 816 1901 870 labora-

229 885 342 937 bat.
441 902 510 938 uo
593 885 688 938 ubi
733 885 1042 954 desperavit
1097 904 1130 937 a
1174 886 1417 956 principe
1472 887 1785 956 servarique
1843 903 1902 937 se

230 955 430 1024 triump
471 972 501 1006 o
539 954 702 1020 vidjt,
739 954 1093 1007 incautiorem
1112 962 1310 1006 nancta
1333 955 1633 1007 custodiam
1664 955 1723 1006 in
1753 972 1899 1006 mau-
1917 970 1960 1005 10

164 1031 218 1072 11
240 1022 444 1076 soleum
480 1040 538 1075 se
573 1022 881 1092 (sepulchra
925 1040 1117 1091 regum
1164 1024 1244 1074 sic
1284 1023 1505 1092 vocant)
1547 1025 1767 1094 recepit.
1826 1022 1906 1075 ibi

231 1093 522 1157 maximOS,
560 1098 621 1142 ut
651 1090 860 1144 solebat
869 1091 1104 1157 „induta
1130 1091 1306 1143 cultus
1334 1093 1393 1143 in
1418 1092 1620 1144 referto
1646 1091 1904 1144 odoribus

235 1161 369 1214 solio
402 1161 557 1212 iuxta
593 1178 751 1212 suum
786 1177 845 1211 se
879 1159 1183 1212 conlocavit
1210 1161 1536 1227 Antonium,
1570 1159 1905 1231 admotisque

233 1230 304 1282 ad
349 1246 519 1281 venas
566 1227 908 1299 serpentibus
952 1229 1030 1280 sic
1073 1235 1245 1282 morte
1293 1231 1449 1300 quasi
1496 1247 1681 1282 somno
1728 1229 1905 1282 soluta
2018 1282 2020 1285 ,

234 1306 332 1350 est.
1920 1309 1961 1342 1⁵

116 1383 229 1438 1111,
256 1370 322 1420 12
393 1367 502 1420 Hic
529 1367 652 1419 finis
682 1386 956 1425 armorum,
982 1367 1251 1420 civilium:
1287 1367 1499 1438 reliqua
1527 1368 1790 1421 adversus
1812 1385 1903 1419 ex-

233 1445 377 1489 teras
422 1445 636 1506 genteS,
685 1455 822 1507 quae
875 1437 1118 1490 districto
1167 1438 1310 1489 circa
1353 1437 1496 1488 mala
1539 1455 1637 1489 sua
1677 1437 1903 1507 imperio

191 1516 218 1555 2
237 1506 470 1558 diversis
509 1505 654 1558 orbis
691 1507 799 1559 oris
838 1505 1156 1559 emicabant.
1191 1523 1334 1559 nova
1369 1506 1566 1575 quippe
1607 1523 1743 1575 pax,
1780 1522 1904 1557 nec·

237 1575 363 1626 dum
400 1574 658 1626 adsuetae
694 1575 863 1626 frenis
903 1575 1178 1627 servitutis
1214 1574 1454 1627 tumidae
1489 1576 1733 1643 gentium
1752 1573 1904 1626 infla-

193 1650 428 1712 3taeque
464 1644 702 1695 cervices
740 1643 808 1696 ab
837 1644 1071 1714 inposito
1107 1661 1280 1712 nuper
1304 1644 1431 1711 iugo
1464 1642 1794 1695 resiliebant.
1832 1642 1904 1695 ad
1919 1653 1964 1686 2⁰
2010 1671 2011 1674 ¹

239 1713 658 1781 septentrionem
704 1729 970 1765 conversa
1012 1710 1182 1764 ferme
1222 1711 1385 1782 plaga
1420 1711 1673 1765 ferocius
1692 1709 1907 1780 agebat,

236 1781 446 1848 Norici,
484 1781 686 1868 Illyrii,
723 1781 1018 1847 Pannonii,
1057 1779 1370 1847 Delmatae,
1417 1780 1618 1847 Moesi,
1666 1779 1908 1832 Thraces

240 1857 293 1901 et
324 1849 491 1917 Daci,
529 1849 806 1904 Sarmatae
837 1858 999 1921 atque
1037 1849 1314 1903 Germani.

598 1958 788 2010 XXII.
827 1958 1135 2011 BELLVM
1169 1958 1531 2012 NORIOVM.

195 2075 225 2114 4
381 2055 595 2109 Noricis
641 2058 847 2110 animos
887 2056 1057 2127 Alpes
1095 2057 1319 2125 dabant,
1365 2057 1519 2127 quasi
1555 2058 1613 2108 in
1658 2073 1818 2126 rupes
1853 2063 1905 2108 et
1922 2071 1966 2103 25

241 2126 396 2177 nives
432 2125 638 2178 bellum
672 2144 782 2179 non
857 2133 1001 2179 osset
1036 2126 1355 2194 ascendere3
1407 2127 1503 2179 sed
1538 2143 1723 2178 omnes
1761 2125 1907 2177 illius

243 2195 478 2247 cardinis
512 2194 769 2264 popuIOS,
855 2212 1078 2261 reunos,
1129 2194 1342 2248 Cennos
1380 2202 1540 2265 atque
1575 2193 1905 2260 VindelicOS,

199 2273 227 2314 5
282 2282 339 2316 er
369 2264 685 2344 privignum
721 2283 877 2316 suum
910 2263 1197 2317 Claudium
1231 2264 1474 2316 Drusum
1505 2264 1737 2334 pacavit.
1772 2280 1911 2333 quae

267 2340 409 2384 uerit
439 2332 763 2402 Alpinarum
808 2334 1050 2402 gentium
1094 2333 1283 2385 feritas
1296 2373 1310 2400 ,
1355 2332 1516 2385 facile
1564 2339 1646 2385 est
1688 2331 1779 2383 vel
1811 2349 1910 2401 per

242 2401 497 2453 mulieres
546 2402 855 2469 ostendere,
912 2419 1049 2472 quae
1097 2402 1470 2454 deficientibus
1514 2401 1637 2454 telis
1670 2400 1904 2452 infantes
1922 2421 1965 2455 30

245 2487 371 2522 suos
409 2470 653 2523 adflictos
688 2471 839 2523 humi
874 2472 932 2522 in
967 2488 1062 2524 ora
1097 2470 1328 2523 militum
1360 2471 1591 2524 adversa
1626 2471 1906 2521 miserunt.

556 2579 776 2631 XXIII.
815 2579 1123 2632 BELLVM
1160 2578 1593 2632 ILLYRIOVM.

202 2693 230 2734 6
385 2677 565 2748 Illyrii
600 2696 704 2748 quo
743 2695 811 2729 ue
849 2677 948 2730 sub
986 2677 1218 2746 Alpibus
1262 2684 1429 2746 agunt
1462 2677 1705 2745 imasque
1740 2675 1912 2726 valles

247 2764 430 2799 earum
469 2754 522 2798 et
561 2764 696 2816 quae
738 2765 824 2798 am
857 2748 1010 2816 quasi
1046 2746 1281 2798 claustra
1316 2745 1622 2797 custodiunt
1668 2743 1910 2812 abruptis

243 2814 572 2867 torrentibus
592 2815 861 2884 inplicata.
899 2819 956 2867 in
977 2815 1077 2867 hos
1109 2814 1506 2884 expeditionem
1535 2814 1650 2882 ipse
1672 2812 1898 2881 sumpsit
1915 2832 1960 2867 35

206 2902 233 2941 7
250 2885 473 2954 fierique
492 2891 680 2953 pontes
702 2885 1002 2953 imperavit.
1040 2884 1129 2935 hic
1166 2891 1218 2934 et
1246 2884 1399 2952 aquis
1429 2889 1480 2934 et
1506 2882 1658 2934 hoste
1686 2879 1905 2933 turban-
