2020 3168
207 163 277 212 32
793 172 969 213 nom
988 172 1263 212 ΕΡῙΤΟΜΑ.

209 298 554 351 seminarium
584 297 795 350 hostilis
826 297 1110 363 exercituS,
1139 296 1289 347 illam
1305 296 1595 350 Annibalis
1626 297 1875 350 eruditri-

209 385 326 420 cem
341 397 413 407 ——
440 366 758 418 incredibile
778 366 928 419 dictu
943 395 1016 405 ——
1042 371 1210 417 totam
1229 382 1262 416 a
1281 364 1580 434 Pyrenaeis
1598 366 1872 419 montibus

206 438 264 488 in
297 434 550 487 Herculis
581 434 855 486 columnas
887 440 940 485 et
969 431 1245 485 Oceanum
1271 435 1631 503 recuperavit,
1662 436 1873 487 nescias

125 521 188 563 39
206 505 364 557 citius
384 522 455 554 an
473 503 702 554 felicius,
726 521 886 573 quam
906 501 1178 568 velociter,
1199 504 1596 572 quattuor-anni
1613 503 1875 572 fatentur5
1982 558 1987 560 ,

243 590 368 624 113111
396 571 572 638 facile,
603 571 693 623 vel
719 590 828 623 una
855 571 1047 623 civitas
1067 570 1277 640 probat.
1327 571 1516 624 eodem
1544 573 1743 643 quippe
1770 590 1874 653 quo
1891 590 1912 623 5
1988 576 2003 601 ·¹

207 593 431 695 gbsessa
460 648 541 692 est
571 641 659 694 die
689 648 846 722 capta
879 646 976 706 est,
1006 657 1268 710 omenque
1294 639 1587 692 Africanae
1615 643 1876 694 victoriae

134 721 196 762 40
211 711 329 777 fuit,
355 710 500 780 quod
519 717 630 761 tam
660 709 820 762 facile
839 710 986 761 victa
1005 716 1086 760 est
1103 709 1402 779 Hispaniae
1427 708 1715 778 Carthago.
1764 727 1875 762 cer-

205 788 320 832 tum
339 786 421 831 est
437 786 619 831 tamen
644 779 715 831 ad
731 777 1127 849 profligandam
1148 779 1486 848 provinciam
1503 781 1737 831 maxime
1756 796 1876 848 pro-

205 850 403 902 fecisse
437 847 767 916 singularem
796 848 948 900 ducis
981 848 1333 914 sanctitatem,
1364 848 1490 917 quip
1532 866 1560 899 e
1588 848 1680 917 qui
1711 847 1876 916 capti·

204 935 304 970 vos
322 935 518 987 pueros
536 917 850 987 puellasque
868 917 1186 986 praecipuae
1197 866 1611 986 pulchritudinis
1629 915 1876 969 barbaris
1893 934 1934 968 ιο
1988 919 1998 984 ξ’

205 988 532 1052 restitueret,
563 1003 633 1037 ne
663 987 722 1037 in
751 992 1098 1055 conspectum
1127 1000 1283 1036 suum
1314 984 1531 1054 quidem
1559 1002 1754 1055 passus
1785 985 1877 1037 ad·
2000 981 2005 1013 ³

209 1056 350 1121 duci,
371 1073 439 1106 ne
495 1054 590 1106 uid
621 1054 688 1106 de
717 1054 1047 1123 virginitatis
1067 1054 1377 1122 integritate
1397 1052 1668 1105 delibasse
1689 1053 1879 1106 saltem

209 1123 378 1176 oculis
398 1124 456 1174 vi
497 1131 690 1175 eretur.

101 1206 159 1247 41
348 1192 501 1244 Haec
535 1193 593 1243 in
624 1191 842 1244 diversa
878 1199 1145 1243 terrarum
1219 1190 1411 1260 opulus
1447 1191 1738 1259 RomanUS,
1756 1201 1759 1204 ’
1777 1207 1878 1244 nec

207 1262 329 1315 ideo
355 1268 537 1312 tamen
564 1260 867 1312 visceribus
904 1260 1095 1312 Italiae
1130 1261 1188 1313 in
1227 1267 1499 1312 aerentem
1537 1272 1872 1313 summovere
1891 1285 1932 1318 15
1999 1303 2003 1311 ἢ

206 1337 417 1401 poterat
443 1329 787 1382 Annibalem.
831 1330 1089 1400 pleraque
1118 1329 1191 1381 ad
1225 1328 1434 1381 hostem
1462 1329 1787 1396 defecerant,
1825 1337 1880 1382 ct
1984 1339 1995 1344 ⁴

209 1401 323 1452 dux
351 1400 643 1450 acerrimus
674 1406 861 1451 contra
889 1399 1162 1451 Romanos
1190 1397 1396 1449 Italicis
1427 1415 1639 1468 quoque
1668 1398 1879 1450 viribus

133 1491 194 1531 42
209 1467 476 1520 utebatur.
508 1469 615 1519 iam
633 1475 811 1520 tamen
833 1486 955 1519 eum
973 1468 1139 1537 pleris
1178 1484 1245 1518 ue
1264 1466 1476 1537 oppidis
1491 1474 1548 1518 -et
1565 1467 1879 1536 regionibus
2019 1517 2020 1532 ἶ

211 1555 637 1603 excusseramuS,
658 1538 766 1588 iam
786 1536 1080 1589 Tarentum
1099 1553 1131 1587 a
1186 1553 1284 1588 nos
1304 1535 1555 1602 redierat,
1574 1537 1682 1588 iam
1701 1544 1754 1588 et
1779 1535 1880 1588 Ca·
2008 1535 2020 1589 1³

206 1624 340 1677 pua,
383 1606 538 1658 sedes
583 1606 772 1658 domus
804 1613 870 1658 et»
903 1606 1080 1676 patria
1106 1604 1278 1656 altera
1304 1604 1591 1657 Annibalis
1601 1644 1616 1672 ,
1659 1605 1876 1657 teneba-
1891 1618 1936 1652 20
2005 1595 2010 1673 ξ

207 1685 309 1741 tur,
332 1676 483 1727 cuius
504 1675 721 1726 amissio
741 1682 949 1726 tantum
972 1675 1154 1727 Poeno
1188 1674 1314 1726 duci
1346 1673 1585 1726 dolorem
1609 1674 1783 1741 dedit,
1819 1681 1881 1725 ut
2008 1685 2009 1688 ’

135 1757 193 1798 43
210 1745 336 1796 inde
355 1745 482 1796 totis
511 1744 721 1795 viribus
741 1744 967 1797 Romam
996 1751 1415 1796 converteretur.
1459 1761 1489 1795 o
1516 1742 1774 1812 populum
1803 1743 1880 1795 di-

208 1832 376 1883 gnum
396 1813 542 1865 orbis
562 1813 788 1882 imperio
821 1813 1152 1882 dignumque
1174 1813 1411 1864 omnium
1434 1812 1622 1864 favore
1642 1819 1695 1863 et
1713 1812 1879 1864 admi-

208 1884 416 1934 ratione
427 1882 702 1933 hominum
722 1899 785 1934 ac
804 1882 1050 1933 deorum!
1075 1880 1365 1950 conpulsus
1387 1880 1457 1932 ad
1475 1880 1691 1933 ultimos
1705 1888 1879 1932 metus

208 1951 278 2002 ab
298 1952 511 2020 incepto
533 1969 642 2003 non
665 1951 887 2016 destitit,
920 1958 972 2002 et
991 1950 1058 2002 de
1079 1968 1177 2002 sua
1194 1950 1328 2002 urbe
1351 1949 1612 2001 sollicitus
1635 1949 1876 2018 Capuam
1891 1966 1935 1998 25

207 2028 389 2072 tamen
407 2038 516 2071 non
535 2020 739 2087 omisit3
765 2019 861 2071 sed
879 2027 1033 2089 parte
1054 2020 1322 2071 exercitus
1343 2018 1443 2070 sub
1461 2019 1512 2070 A
1551 2019 1640 2088 pio
1661 2016 1881 2070 consule

209 2089 412 2155 relicta,
447 2096 600 2158 parte
636 2088 894 2141 Flaccum
927 2089 985 2140 in
1020 2088 1210 2140 urbem
1246 2094 1444 2154 secuta,
1487 2105 1521 2138 a
1560 2104 1684 2139 sens
1722 2085 1881 2138 simul

137 2177 196 2216 44
210 2175 574 2228 praesensque
602 2157 896 2227 pugnabat.
942 2157 1073 2228 quid
1093 2174 1220 2226 ergo
1244 2157 1501 2208 miramur
1527 2154 1767 2208 moventi
1797 2172 1881 2206 ca-

213 2235 323 2278 stra
343 2245 375 2278 a
392 2228 549 2278 tertio
571 2226 750 2297 lapide
767 2225 1028 2279 Annibali
1044 2226 1240 2278 iterum
1259 2226 1408 2295 ipsos
1430 2225 1559 2278 deos
1577 2225 1841 2276 restitisse
1853 2223 1881 2275 ‘?

142 2302 200 2343 45
219 2296 347 2348 deos
369 2297 602 2365 inquam,
624 2313 724 2348 nec
742 2296 902 2348 fateri
917 2294 1159 2366 pudebit.
1207 2302 1358 2346 tanta
1378 2296 1521 2346 enim
1549 2294 1621 2346 ad
1639 2291 1880 2362 singulos
1896 2309 1940 2344 30

212 2364 359 2416 illius
378 2372 552 2416 motus
572 2367 657 2417 vis
687 2365 940 2417 imbrium
969 2364 1137 2416 effusa
1155 2371 1251 2432 est,
1280 2371 1432 2415 tanta
1460 2371 1744 2416 ventorum
1770 2362 1881 2414 vio-

213 2433 381 2486 lentia
399 2442 580 2486 coorta
609 2441 705 2500 est,
740 2442 800 2486 ut
826 2435 1085 2487 divinitus
1110 2433 1321 2485 hostem
1345 2449 1681 2485 summovere
1711 2448 1820 2482 non
1850 2447 1883 2481 a

216 2502 380 2568 caelo,
412 2502 508 2554 sed
537 2503 605 2555 ab
634 2503 786 2555 urbis
807 2504 977 2584 ipsius
996 2501 1276 2555 moenibus
1307 2510 1360 2554 et
1387 2501 1652 2571 Capitolio
1671 2499 1882 2552 videre-

145 2585 203 2626 46
219 2579 321 2624 tur.
355 2572 496 2640 fugit
515 2579 567 2624 et
586 2573 749 2625 cessit
768 2580 821 2624 et
839 2592 896 2624 111
913 2571 1161 2624 ultimum
1184 2589 1242 2624 se
1257 2571 1448 2623 Italiae
1466 2570 1668 2639 recepit
1690 2570 1879 2634 sinum,

141 2654 197 2693 47
217 2658 338 2692 611111
355 2640 545 2693 urbem
563 2649 771 2693 tantum
799 2660 908 2694 non
927 2641 1203 2694 adoratam
1229 2640 1554 2711 reliquisset.
1599 2655 1770 2708 parva
1793 2655 1880 2688 res
1897 2657 1939 2692 35

217 2709 365 2762 dictu
382 2710 479 2762 sed
497 2710 568 2763 ad
585 2712 1079 2779 magnanimitatem
1095 2728 1165 2780 po
1204 2709 1282 2761 uli
1303 2709 1531 2762 Romani
1548 2707 1882 2778 probandam

216 2779 343 2829 satis
377 2778 588 2845 efficax,
621 2779 763 2850 quod
785 2779 893 2833 illis
922 2779 1056 2852 ipsis
1089 2780 1180 2850 qui
1220 2797 1283 2830 us
1314 2776 1662 2832 obsidebatur
1691 2775 1881 2827 diebus

213 2864 357 2915 ager,
380 2865 537 2918 quem
555 2847 792 2900 Annibal
812 2849 1003 2907 castris
1018 2847 1305 2914 insederat,
1335 2845 1543 2899 venalis
1562 2845 1763 2898 Romae
1782 2843 1885 2897 fuit
