2020 3168
213 186 286 237 96
818 197 992 236 ποια
1016 197 1290 236 ΕΡῙΤΟΜΑ.

218 322 379 375 nibus
429 322 540 373 suis
579 320 689 388 legi
726 323 1080 391 concupiscit,
1129 340 1303 390 neque
1339 339 1503 374 causa
1548 341 1722 394 neque
1759 341 1882 376 con·

222 391 342 444 silio
378 408 441 443 ac
476 408 544 442 ne
582 391 902 459 imaginaria
940 391 1156 461 quidem
1193 390 1325 442 belli
1360 391 1679 458 indictione,
1728 393 1883 463 quasi

219 461 321 513 hoc
360 477 569 530 quoque
607 477 676 510 ex
710 465 825 511 arte
863 459 1015 512 ducis
1064 467 1206 511 esset
1242 459 1528 530 obrepere,
1576 459 1765 514 relicta
1799 480 1879 512 re-

178 535 383 600 3pente
419 526 578 598 Syria
625 528 683 578 in
729 527 959 580 Parthos
1009 529 1266 599 impetum
1312 529 1459 581 facit.
1498 547 1633 598 gens
1667 538 1882 599 praeter

222 615 492 650 armorum
525 596 780 649 fiduciam
809 597 1007 649 callida
1044 597 1260 650 simulat
1285 598 1700 668 trepidationem
1737 606 1790 650 et
1825 601 1880 649 in
1912 625 1933 656 ⁶
2008 599 2020 613 “

221 684 436 736 campos
479 665 681 734 fugam.
722 673 774 717 et
809 666 898 718 hic
918 667 1099 718 statim
1137 667 1292 738 quasi
1328 669 1502 720 victor
1541 667 1880 738 sequebatur,

221 755 342 790 cum
386 735 562 788 subito
605 752 706 786 nec
750 753 948 805 magna
993 736 1229 788 hostium
1263 754 1452 788 manus
1500 754 1570 788 ex
1603 737 1881 807 inproviso

222 814 274 859 et
316 806 423 857 iam
460 806 518 857 in
555 804 729 857 fessos
766 806 857 857 via
898 804 997 857 sub
1043 823 1269 876 vespere
1315 805 1465 858 velut
1504 805 1719 858 nimbus
1766 824 1881 857 eru-

218 877 314 946 pit.
350 875 529 926 missis
566 874 805 945 undique
848 875 1057 944 sagittis
1087 875 1219 927 duas
1257 874 1307 927 le
1348 877 1498 928 iones
1537 882 1878 945 operuerunt.
1912 895 1916 897 “

179 944 359 996 4nihil
396 943 666 996 acciderat
704 945 761 995 in
798 946 1248 1014 comparationem
1285 963 1313 996 c
1337 943 1479 1011 adis,
1523 962 1659 1015 quae
1694 946 1751 996 in
1786 962 1878 1014 po·
1898 958 1937 991 ιο
2005 966 2020 984 ἰ

224 1021 424 1066 sterum
462 1013 605 1065 diem
647 1013 967 1080 inminebat,
1018 1015 1124 1065 nisi
1168 1014 1549 1065 intervenisset
1593 1014 1753 1065 deum
1786 1014 1881 1064 mi-

223 1084 436 1135 seratio.
476 1100 614 1133 unus
658 1099 728 1134 ex
768 1082 920 1134 clade
958 1082 1249 1134 Crassiana
1283 1082 1536 1143 Parthico
1573 1082 1763 1134 habitu
1797 1093 1883 1133 ca-

224 1153 349 1204 stris
387 1151 663 1231 adequitat
699 1157 752 1202 et
789 1151 960 1203 salute
995 1151 1189 1203 Latine
1227 1152 1376 1218 data,
1417 1169 1539 1203 cum
1572 1150 1735 1204 fidem
1764 1151 1783 1202 i
1825 1168 1883 1203 so

179 1239 208 1278 5
227 1238 470 1273 sermone
507 1221 750 1287 iecisset,
795 1220 925 1290 quid
965 1222 1250 1273 inmineret
1293 1221 1530 1274 edocuit:
1587 1222 1696 1272 iam
1731 1238 1763 1271 a
1803 1219 1882 1272 fu·
1980 1269 1990 1283 ,

219 1298 399 1342 turum
446 1307 568 1342 cum
612 1288 858 1342 omnibus
907 1291 1074 1361 copiis
1125 1309 1334 1360 regem3
1380 1291 1520 1341 irent
1553 1297 1697 1343 retro
1733 1297 1939 1360 pete-15
2004 1323 2007 1325 >

220 1366 446 1429 rentque
475 1360 699 1411 montis:
735 1360 812 1410 sic
837 1377 1047 1430 quoque
1067 1360 1276 1412 hostem
1294 1360 1523 1411 fortasse
1545 1378 1654 1412 non
1675 1359 1879 1412 defore.

222 1437 383 1499 atque
418 1430 495 1480 ita
541 1435 724 1480 secuta
761 1435 842 1480 est
885 1431 1059 1481 minor
1086 1430 1170 1481 vis
1207 1429 1441 1481 hostium
1472 1447 1632 1499 quam
1659 1429 1882 1481 inmine-

177 1498 340 1565 6bat3
379 1498 555 1550 adfuit
587 1504 783 1549 tamen.
822 1497 1029 1550 deletae
1056 1497 1296 1570 reliquae
1329 1499 1514 1568 copiae
1542 1499 1721 1550 forent
1731 1538 1745 1565 ,
1776 1498 1883 1548 nisi

220 1567 577 1636 urguentibus
622 1567 744 1619 telis
789 1568 847 1618 in
889 1567 1108 1620 modum
1157 1567 1438 1637 grandinis
1483 1567 1702 1637 quidam
1743 1567 1881 1619 forte

223 1638 377 1707 quasi
415 1636 559 1688 docti
594 1635 1008 1707 procubuissent
1041 1639 1098 1689 in
1144 1655 1322 1706 genua
1341 1637 1586 1704 milites,
1633 1644 1686 1688 et
1726 1636 1879 1688 elatis
1896 1648 1939 1679 20
2010 1662 2013 1701 7

224 1724 385 1776 supra
429 1707 607 1775 capita
655 1707 818 1757 scutis
865 1724 1145 1758 caesorum
1201 1707 1434 1776 speciem
1487 1704 1879 1775 praebuissent.

180 1784 351 1831 7tunc
385 1775 615 1827 Parthus
653 1793 808 1826 arcus
847 1775 1097 1827 inhibuit.
1140 1775 1266 1827 dein
1302 1793 1486 1826 rursus
1516 1793 1645 1826 *cum
1683 1792 1739 1826 se
1778 1774 1882 1826 Ro-

222 1846 369 1896 mani
406 1844 749 1910 extulissent,
786 1845 920 1896 adeo
955 1863 1041 1896 res
1073 1845 1331 1896 miraculo
1367 1844 1494 1911 fuit,
1533 1851 1719 1895 utnon
1743 1861 1881 1895 unus

223 1933 294 1967 ex
311 1913 558 1966 barbaris
584 1915 791 1966 miserit
819 1931 1007 1965 vocem
1038 1915 1131 1965 ‘ite
1167 1922 1218 1966 et
1243 1914 1382 1967 bene
1417 1914 1595 1965 valete
1624 1912 1880 1966 Romani!

221 1985 411 2036 merito
448 2001 545 2036 vos
585 1985 818 2035 victores
857 1983 1001 2035 fama
1036 1983 1277 2053 gentium
1312 1983 1570 2054 loquitur,
1621 1983 1713 2052 qui
1752 1982 1879 2033 Par—
1897 1995 1938 2027 25

222 2053 437 2106 thorum
470 2052 579 2104 tela
616 2053 874 2122 fugistis?
912 2072 1022 2105 non
1056 2054 1230 2105 minor
1267 2071 1337 2104 ex
1371 2053 1461 2104 via
1494 2060 1681 2121 postea
1724 2069 1882 2121 quam

179 2128 208 2169 8
229 2122 296 2174 ab
333 2122 576 2174 hostibus
615 2129 835 2192 accepta
869 2122 1066 2174 clades·
1103 2122 1302 2174 infesta
1327 2122 1557 2191 primum
1586 2121 1675 2172 siti
1715 2120 1880 2189 regiO,

223 2199 337 2242 tum
357 2191 679 2261 quibusdam
714 2191 1035 2244 salmacidae
1069 2191 1400 2257 infestioreS,
1425 2191 1719 2242 novissime
1746 2206 1881 2259 quae

182 2262 331 2311 ssiam
365 2260 433 2311 ab
471 2260 726 2313 invalidis
768 2268 819 2313 et
867 2261 1025 2313 avide
1062 2260 1447 2312 hauriebantur
1494 2277 1668 2312 noxae
1722 2259 1883 2310 etiam

223 2329 406 2381 dulces
444 2330 613 2382 fuere.
651 2349 780 2383 mox
817 2338 869 2382 et
905 2330 1120 2382 ardores
1155 2348 1252 2399 per
1286 2330 1600 2381 Armeniam
1637 2335 1688 2380 et
1724 2328 1878 2379 nives
1897 2338 1937 2371 30

222 2416 319 2468 per
370 2398 484 2469 Cap
525 2399 768 2452 adociam
816 2407 869 2451 et
913 2400 1191 2469 utriusque
1247 2398 1383 2451 caeli
1437 2398 1617 2450 subita
1659 2397 1882 2449 mutatio

150 2483 203 2524 lo
260 2486 320 2520 ro
360 2418 668 2537 pestilentia
702 2469 820 2520 fuit.
884 2472 961 2520 sic
1008 2470 1106 2520 vix
1150 2470 1310 2520 tertia
1355 2474 1508 2538 parte
1547 2467 1613 2519 de
1650 2466 1884 2518 sedecim

247 2536 529 2605 egionibus
567 2537 798 2607 reliqua,
846 2556 968 2590 cum
1007 2545 1291 2605 argentum
1337 2539 1451 2590 eius
1500 2537 1703 2606 passim
1739 2534 1883 2587 dola-

222 2606 336 2657 bris
374 2607 769 2673 concideretur,
816 2614 868 2659 et
906 2606 1133 2659 subinde
1171 2609 1311 2659 inter
1343 2623 1520 2659 moras
1555 2612 1782 2676 mortem
1815 2603 1882 2655 ab

223 2675 519 2743 gladiatore
557 2694 651 2728 suo
686 2676 984 2746 flagitasset
1021 2678 1270 2746 egregius
1317 2678 1626 2745 imperator,
1664 2674 1881 2726 tandem
1898 2684 1939 2718 35

224 2745 465 2813 perfugit
510 2747 567 2796 in
614 2744 850 2816 Syriam,
899 2745 995 2797 ubi
1038 2745 1344 2798 incredibili
1402 2743 1633 2815 quadam
1689 2743 1881 2795 mentis

223 2814 511 2865 vaecordia
542 2814 773 2867 ferocior
808 2815 1079 2886 aliquanto
1119 2815 1293 2867 factus
1328 2822 1431 2881 est,
1472 2812 1627 2883 quasi
1645 2812 1882 2877 vicisset,

224 2884 348 2950 quia
377 2891 635 2936 evaserat.
