2020 3168
748 155 1093 200 PRAEFATIO.
1755 166 1836 201 XV

17 305 67 348 p.
94 294 164 343 15,
193 291 264 335 26.
311 289 384 339 23,
416 287 484 331 19.
522 286 591 330 36,
618 287 689 329 24.
742 285 815 338 48,
840 285 911 328 36.
939 284 1011 335 56,
1032 283 1103 326 24.
1132 281 1203 335 57,
1228 282 1273 327 3.
1297 283 1369 336 68,
1392 283 1464 327 32.
1496 284 1567 335 78,
1594 286 1663 327 25.
1687 285 1759 337 80,
1792 286 1832 328 1.

17 362 90 412 84,
117 361 188 405 19.
221 359 292 411 92,
318 357 391 402 26.
416 355 488 407 96,
515 355 559 399 7.
589 356 660 408 99,
685 355 759 400 32.
786 355 886 405 100,
911 354 982 397 23.
1016 361 1075 394 ne
1097 362 1182 407 pro
1208 360 1294 394 nec
1317 349 1364 394 in
1388 350 1425 394 B
1451 352 1586 394 etiam
1614 350 1834 406 seriptum

19 431 91 472 est
113 440 161 484 p.
202 424 275 478 76,
300 414 361 470 7.’
388 424 460 476 78,
490 427 560 468 25.
585 424 658 477 80,
685 426 727 468 1.
747 455 759 477 ,
789 424 950 464 contra
974 431 1060 464 nec
1084 431 1169 477 pro
1193 431 1253 464 ne
1275 432 1323 476 p.
1349 422 1424 478 93,
1460 424 1532 467 25.
1585 419 1836 463 Locutione

16 507 76 540 ne
96 517 170 528 ——-
191 493 371 553 quidem
392 492 558 536 Florus
579 503 686 536 raro
713 503 827 535 usus
852 491 936 544 est,
964 493 1013 532 ut
1034 502 1080 547 p.
1098 491 1170 545 45,
1206 489 1275 534 17.
1306 491 1380 543 80,
1409 494 1451 535 1.
1481 513 1551 519 —
1574 491 1646 543 69,
1666 490 1694 534 6
1716 488 1839 532 unde

17 569 62 610 et
84 565 305 609 natalium
327 561 483 607 Druso
510 560 748 605 aemulatio
776 563 1038 604 accesserat
1062 559 1120 603 B:
1145 558 1267 602 unde
1291 563 1334 602 et
1354 558 1571 602 natalivio
1595 558 1735 601 druso
1754 569 1836 601 ae-

17 634 200 679 mulatio
222 635 485 677 accesserat
506 628 549 674 N
562 642 576 684 ;
616 642 712 674 una
737 629 956 673 natalium
988 641 1018 672 a
1042 627 1198 673 Druso
1223 628 1460 672 aemulatio
1489 628 1767 685 facessierat
1797 625 1836 672 Ο

19 715 80 747 ex
127 684 504 756 coni.‘Hauptii;
556 698 678 742 unde
715 701 759 742 et
792 702 905 742 nata
941 697 1181 741 aemulatio
1217 696 1580 750 Mommsenius3
1619 695 1836 754 equidem

15 770 201 815 malim:
229 768 351 814 unde
369 772 413 812 et
440 771 551 812 nata
570 765 694 811 livio
706 765 862 811 Druso
881 766 1120 810 aemulatio
1143 781 1214 795 -a-
1237 767 1309 819 69,
1336 768 1395 811 24
1419 767 1568 810 minus
1589 765 1837 809 delendum

17 852 124 886 esse
156 836 451 898 signifieav13
490 836 537 880 in
563 837 665 880 loco
693 834 914 879 mendum
938 847 1045 879 esse
1085 838 1302 891 apparet,
1333 834 1419 878 sed
1457 835 1681 878 incertum
1718 835 1837 879 sitne

15 910 164 954 minus
189 921 250 953 an
273 907 504 952 desierunt
521 904 852 958 inducendum,
880 916 964 959 an,
992 902 1119 962 quod
1142 903 1358 948 Dukerus
1384 904 1558 958 voluit,
1584 905 1729 961 mayis
1752 917 1837 961 pro

19 979 169 1023 minus
195 975 538 1035 corrigendum.
566 999 622 1006 --
653 976 727 1029 69,
753 977 812 1020 25
829 973 1061 1019 desierunt
1078 973 1158 1017 BN
1172 983 1182 1017 ε
1209 972 1475 1018 destiterunt
1499 973 1534 1018 Ο
1562 987 1621 1017 ex
1645 974 1837 1018 Momm·

17 1048 139 1094 senii
166 1047 287 1092 coni.
309 1070 380 1087 .--
405 1047 478 1100 69,
500 1047 556 1092 27
579 1044 776 1102 Bellum,
808 1043 930 1102 quod
945 1043 1166 1088 adversus
1192 1043 1339 1087 socios
1351 1048 1523 1101 yestum
1543 1048 1632 1097 est,
1670 1043 1840 1087 sociale

14 1116 178 1163 bellum
202 1121 388 1163 vocetur
412 1115 514 1160 licet
535 1113 603 1158 N:
642 1113 802 1157 bellum
824 1136 898 1145 —
919 1137 991 1144 ——
1013 1117 1186 1170 yestum
1215 1116 1284 1157 est
1307 1126 1401 1158 om.
1429 1113 1534 1168 BO;
1567 1111 1682 1156 illud
1706 1113 1837 1156 resti-

17 1185 240 1231 tuendum
270 1199 378 1230 esse
404 1183 593 1228 Iahnius
626 1182 673 1226 in
698 1183 846 1239 praef.
883 1196 930 1239 p.
956 1181 1149 1226 XXXVI
1181 1186 1306 1226 recte
1333 1182 1464 1227 vidit.
1507 1205 1579 1214 --
1613 1185 1696 1237 70,
1735 1185 1764 1229 8
1796 1187 1839 1227 ei

16 1254 205 1300 Latinos
237 1243 503 1311 cdi-ruptum
542 1265 649 1296 esse
678 1264 783 1295 cum
807 1252 911 1309 ipsa
946 1252 1170 1296 orationis
1196 1252 1343 1297 forma
1372 1255 1501 1308 (nam
1539 1257 1581 1296 et
1606 1253 1674 1297 sic
1709 1251 1839 1312 posi·

19 1333 111 1369 cum
138 1322 359 1369 vitiosum
382 1322 475 1376 est)
499 1325 706 1385 apparet,
743 1326 838 1365 tum
858 1333 916 1364 ex
944 1334 1097 1365 rerum
1122 1327 1367 1378 gestarum
1383 1322 1592 1377 historia,
1619 1322 1838 1379 quoniam

15 1392 206 1437 Latinos
243 1405 271 1437 a
291 1391 415 1437 bello
447 1389 611 1435 sociali
637 1389 918 1434 abstinuisse
944 1395 1231 1446 compertum
1260 1396 1356 1445 est3
1395 1392 1502 1435 latet
1529 1392 1573 1434 in
1599 1397 1642 1435 et
1674 1392 1841 1435 latinos

16 1461 146 1507 aliud
179 1462 342 1519 populi
389 1472 577 1513 nomen,
618 1460 695 1502 vel
741 1459 946 1505 Vestinos
987 1460 1066 1502 vel
1092 1458 1350 1517 Paeliynos.
1424 1459 1520 1503 Hac
1571 1460 1838 1504 coniectura

15 1533 212 1590 probata
236 1529 571 1575 Mommsenius
607 1530 726 1574 bene
759 1529 938 1573 monuit
959 1529 1050 1573 iam
1090 1528 1205 1573 illud
1231 1543 1413 1587 quoque
1453 1530 1677 1574 incertum
1712 1543 1839 1584 esse,

16 1606 170 1645 utrum
200 1603 343 1658 supra
374 1613 420 1657 p.
450 1601 522 1655 70,
549 1603 579 1646 2
601 1610 718 1645 vera
749 1598 808 1642 sit
831 1598 968 1642 lectio
994 1610 1125 1643 omne
1149 1598 1330 1644 Latium
1359 1612 1419 1642 an
1445 1600 1546 1644 eIus
1571 1601 1675 1643 loco
1708 1610 1840 1644 omne

17 1668 253 1715 Samnium
274 1666 635 1714 emendandum.
678 1691 750 1699 --
787 1670 863 1723 70,
885 1670 915 1714 8
941 1666 1148 1726 afrienos
1173 1667 1237 1724 B,
1261 1669 1491 1727 Afranius
1513 1669 1610 1714 ΝΟ.
1662 1667 1838 1726 Scripsi

18 1739 279 1784 secundum
307 1738 529 1796 optimum
575 1737 786 1783 codicem
810 1737 1059 1796 Afrienus,
1094 1751 1196 1781 cum
1232 1751 1400 1783 nomen
1427 1739 1516 1783 viri
1542 1752 1736 1797 prorsus
1771 1739 1837 1782 in·

18 1814 195 1854 certum
223 1809 309 1863 sit,
338 1807 426 1852 sed
449 1812 644 1865 apparet
668 1807 868 1852 eundem
892 1807 1140 1862 nominari,
1174 1808 1250 1865 qui
1276 1810 1334 1853 ab
1353 1809 1570 1866 Appiano
1596 1808 1710 1852 Bell.
1743 1809 1835 1853 civ.

17 1878 53 1933 Ι,
83 1879 139 1924 47
167 1872 307 1932 Τίτος
327 1871 622 1938 Λαφρήνιος
644 1881 854 1923 vocatur.
881 1899 953 1910 -——·
970 1879 1041 1932 70,
1069 1879 1125 1924 27
1144 1878 1293 1922 media
1316 1879 1364 1923 in
1381 1878 1495 1923 urbe
1509 1890 1604 1937 per
1627 1879 1745 1924 viam
1770 1878 1835 1923 H:

16 1946 211 1992 mediam
235 1947 394 1991 urbem
411 1958 507 2004 per
529 1947 647 1992 viam
671 1946 769 2001 BN,
801 1946 995 1991 mediam
1011 1958 1106 2004 per
1130 1949 1249 1991 viam
1270 1947 1325 1994 Ο.
1398 1948 1502 1992 Νοη
1543 1961 1737 1994 moveor
1779 1961 1837 1992 eo

18 2015 146 2074 quod
169 2015 280 2060 urbs
298 2016 437 2073 paulo
463 2020 569 2059 ante
596 2016 717 2060 dicta
741 2022 836 2072 est3
873 2017 930 2061 cf.
956 2028 1003 2073 p.
1035 2019 1105 2071 19,
1130 2021 1188 2063 20
1214 2031 1284 2074 sq.
1312 2020 1382 2072 71,
1407 2023 1434 2065 5
1462 2032 1532 2076 sq.
1559 2019 1631 2072 72,
1659 2020 1733 2065 37.
1768 2043 1832 2051 --

21 2088 93 2139 71,
115 2089 145 2131 2
167 2083 229 2130 Id
249 2084 688 2144 qualitercumqueB
715 2086 840 2139 (scil.
858 2086 1006 2138 feras;
1035 2086 1094 2128 cs.
1120 2089 1205 2143 p.7
1215 2092 1252 2142 1,
1276 2091 1321 2133 4.
1348 2090 1419 2142 72,
1445 2092 1517 2135 20.
1546 2089 1617 2142 73,
1642 2090 1696 2135 37
1712 2087 1832 2145 sq.):

15 2159 68 2199 ut
89 2166 278 2212 cumque
308 2155 362 2209 N,
400 2153 633 2212 hucusque
658 2154 711 2200 Ο.
734 2178 803 2186 -
835 2157 906 2211 71,
931 2160 959 2200 5
983 2156 1100 2198 inter
1128 2157 1254 2199 initia
1274 2157 1401 2201 urbis
1427 2157 1493 2201 N:
1529 2159 1578 2200 in
1600 2157 1726 2201 italia
1753 2171 1835 2201 ur-

17 2224 84 2267 bis
109 2223 171 2278 B,
205 2225 326 2268 inter
344 2226 471 2269 initia
491 2224 708 2269 libertatis
732 2224 784 2270 0.
809 2247 880 2256 ——
906 2227 986 2279 71,
1022 2228 1081 2271 20
1101 2225 1322 2284 sulphure
1340 2227 1404 2271 B:
1434 2227 1625 2284 sulpure
1649 2226 1745 2271 ΝΟ.
1766 2249 1839 2258 ·—-

19 2294 101 2348 72,
145 2297 202 2340 10
234 2292 357 2338 Titus
384 2293 590 2351 Aquilius
623 2293 726 2340 BO:
767 2294 893 2340 Titus
926 2307 1018 2338 om.
1047 2294 1111 2348 N,
1149 2295 1348 2351 rectius,
1398 2301 1444 2339 ut
1467 2295 1679 2350 videtum
1730 2309 1838 2340 nam

18 2374 183 2406 verum
216 2375 502 2419 praenomen
531 2362 820 2409 estManius.
851 2389 922 2395 -—
947 2367 1025 2420 72,
1052 2367 1109 2411 31
1135 2370 1179 2409 et
1211 2367 1293 2421 76,
1327 2372 1378 2414 11
1405 2367 1528 2410 milia
1556 2366 1752 2423 amplius
1771 2365 1834 2409 B:

19 2432 215 2489 amplius
248 2433 370 2477 milia
407 2432 506 2478 ΝΟ.
578 2433 725 2478 Habet
762 2439 915 2478 tamen
955 2434 1091 2478 ctiam
1119 2434 1156 2478 B
1187 2449 1233 2494 p.
1264 2439 1343 2494 71,
1367 2439 1427 2483 23
1460 2438 1702 2494 sexaqinta
1736 2449 1829 2478 am-

12 2501 138 2560 plius
156 2502 339 2559 milium,
364 2516 410 2559 p.
438 2505 510 2558 84,
531 2505 557 2550 7
590 2507 791 2548 trecenta
816 2505 1013 2562 amplius
1036 2505 1173 2561 milia,
1209 2519 1257 2563 p.
1286 2509 1359 2561 95,
1386 2509 1445 2553 23
1468 2507 1619 2564 viginti
1642 2506 1838 2563 amplius

19 2571 202 2615 milium.
242 2595 313 2604 —
338 2574 419 2628 72,
446 2576 502 2619 35
524 2574 712 2618 vinculis
740 2573 847 2620 No:
888 2575 1066 2633 unyulis
1090 2574 1143 2629 B,
1172 2576 1298 2620 unde
1323 2575 1451 2620 haud
1483 2576 1579 2620 scio
1607 2589 1664 2619 an
1694 2575 1834 2618 corri-

20 2640 222 2697 gendum
254 2643 340 2685 sit:
374 2643 562 2701 cinyulis
589 2665 661 2675 —
687 2646 769 2698 72,
800 2646 856 2691 37
882 2645 986 2689 inde
1012 2645 1104 2688 alia
1129 2650 1301 2703 castra,
1354 2646 1632 2698 Vareniana,
1677 2635 1834 2687 castra

17 2708 232 2767 deinceps
260 2710 466 2757 Thorani
495 2713 556 2757 B:
609 2713 871 2759 Vareniana
904 2719 1060 2759 castra
1093 2727 1182 2761 om.
1221 2717 1285 2771 N,
1310 2715 1415 2759 inde
1460 2715 1722 2759 Vareniana
1753 2726 1833 2757 ca-

17 2782 143 2837 stra,
181 2780 395 2840 deinceps
420 2782 500 2827 Th.
541 2782 592 2827 Ο.
643 2780 710 2827 Cr.
744 2797 887 2841 supra
911 2783 972 2829 ad
1009 2798 1058 2842 p.
1085 2786 1156 2841 70,
1181 2789 1252 2833 27.
1278 2809 1349 2817 -
1367 2787 1437 2838 73,
1465 2788 1491 2830 6
1512 2796 1574 2829 ex
1605 2783 1742 2842 ferro
1767 2783 1833 2827 H:

16 2850 63 2891 et
89 2846 226 2906 ferro
245 2849 382 2897 ΒΝΟ.
411 2880 483 2887 —
518 2853 590 2909 73,
618 2855 673 2899 12
700 2855 748 2899 in
772 2853 988 2900 honorem
1013 2854 1186 2912 aliquot
1205 2854 1372 2899 codd.:
1418 2855 1464 2898 in
1491 2854 1663 2900 honore
1694 2851 1831 2898 ΒΝΟ.
