2020 3168
630 220 675 288 1,
700 222 925 271 22—24
947 218 1026 291 [11,
1047 219 1242 291 6—8].
1714 225 1780 275 35

117 358 346 411 victoria
363 357 483 410 fuit.
533 375 656 408 nam
685 365 875 428 postea
903 374 1194 428 numquam
1223 375 1387 410 ausus
1408 358 1666 428 congredi
1684 376 1784 410 rex

116 426 189 479 ad
217 426 468 493 tumuIOS,
499 443 632 496 quos
665 426 1072 496 Cynocephalas
1103 434 1315 493 vocant,
1350 445 1460 480 uno
1490 444 1554 479 ac
1584 444 1652 478 ne
1680 426 1783 479 hoc

119 495 337 566 quidem
366 496 508 548 iusto
536 494 742 564 proelio
772 495 1106 566 opprimitur.
1158 503 1211 548 et
1236 495 1319 548 illi
1347 496 1564 566 quidem
1594 495 1783 548 consul
1804 503 1856 544 12

154 581 303 616 acem
334 564 483 616 dedit
517 580 745 632 regnum
780 582 849 616 ue
884 566 1163 631 concessit,
1202 582 1344 632 mox,
1381 582 1451 617 ne
1514 564 1610 616 uid
1640 571 1783 616 esset

78 581 327 699 shostilffi
357 631 572 684 Thebas
601 640 654 684 et
681 582 960 685 Edlboeam
992 642 1045 685 et
1073 641 1410 702 grassantem
1441 651 1504 686 su
1568 633 1781 685 Nabide

112 710 346 772 tyranno
367 718 464 753 suo
493 708 546 752 et
562 699 973 754 Lacedaemona
991 704 1320 771 conpescuit.
1371 702 1633 755 Graeciae
1653 719 1782 755 vero
1807 714 1862 756 13

32 787 36 790 ⁴
112 777 351 822 veterem
371 776 568 821 statum
583 768 835 835 reddidit,
865 776 925 821 ut
945 769 1158 838 legibus
1189 771 1401 823 viveret
1430 771 1542 822 suis
1564 778 1617 821 et
1637 772 1784 822 avita

112 838 363 890 libertate
399 837 685 890 frueretur.
741 854 877 908 quae
914 838 1140 906 gaudia,
1229 856 1331 890 uae
1366 838 1783 891 vociferationes
1807 852 1862 891 14

0 955 1 972 ,
113 908 346 974 fuerunt,
379 923 502 958 cum
529 906 632 959 hoc
660 905 798 958 forte
827 905 1065 958 'Nemeae
1094 908 1152 959 in
1178 914 1200 958 t
1241 914 1387 959 eatro
1418 908 1782 977 quinquen-na-

0 985 1 988 ’
62 987 103 1020 ¹0
120 975 264 1028 libus
283 975 425 1028 ludis
455 993 488 1027 a
504 992 769 1046 praecone
788 976 1094 1027 caneretur!
1134 994 1238 1046 quo
1260 984 1537 1028 certavere
1560 975 1781 1056 plausu!

115 1044 247 1116 quid
262 1044 456 1098 florum
474 1045 533 1096 in
552 1043 826 1098 consulem
842 1044 1224 1114 profuderunt!
1260 1052 1314 1096 et
1340 1046 1536 1096 iterum
1566 1052 1783 1096 iterum·
1808 1062 1860 1103 15

116 1131 219 1184 que
246 1131 568 1183 praeconem
595 1120 839 1181 repetere
867 1130 1056 1166 vocem
1082 1113 1232 1165 illam
1253 1113 1542 1180 iubebant,
1584 1131 1691 1183 qua
1724 1113 1785 1164 li-

114 1182 298 1234 bertas
315 1182 555 1234 Achaiae
583 1181 1052 1252 pronuntiabatur,
1091 1201 1191 1235 nec
1223 1181 1381 1234 aliter
1400 1182 1495 1234 illa
1513 1182 1788 1235 consulari

117 1252 384 1303 sententia
433 1269 558 1303 uam
574 1250 1001 1303 modulatissimo
1023 1251 1202 1322 aliquo
1222 1250 1477 1303 tibiarum
1497 1259 1587 1302 aut
1599 1250 1788 1303 fidium

65 1335 106 1370 15
116 1327 278 1372 cantu
297 1319 416 1371 frue
456 1327 631 1371 antur.

114 1427 363 1481 XXIIII.
393 1427 701 1480 BELLVM
733 1426 1115 1481 SYRIACVM
1143 1428 1369 1481 REGIS
1397 1427 1784 1482 ANTIOCHI-

255 1526 629 1579 Macedoniam
656 1527 791 1578 Asia
820 1527 1000 1578 statim
1038 1534 1090 1578 et
1119 1544 1304 1595 regem
1332 1526 1644 1596 Philippum
1672 1528 1899 1599 An-11,8

116 1595 329 1649 tiochus
355 1597 570 1666 excepit
599 1596 831 1666 quodam
851 1614 996 1663 casu,
1031 1597 1186 1666 quasi
1214 1596 1281 1647 de
1300 1595 1569 1648 industria
1600 1596 1679 1648 sic
1696 1596 1787 1649 ad·
1977 1609 1981 1613 '

118 1664 455 1734 gubernante
489 1667 720 1731 fortuna,
758 1673 819 1717 ut
858 1683 1017 1736 quem
1052 1664 1124 1717 ad
1158 1664 1377 1717 modum
1414 1664 1482 1716 ab
1511 1664 1702 1716 Africa
1730 1667 1789 1718 in

61 1747 104 1780 20
120 1733 398 1801 Achaiam,
429 1735 506 1786 sic
525 1733 594 1786 ab
612 1734 821 1787 Achaia
847 1735 905 1785 in
924 1735 1113 1786 Asiam
1129 1733 1270 1786 ultro
1294 1752 1350 1786 se
1373 1734 1788 1802 suggerentibus

119 1803 296 1854 causis
317 1804 601 1873 imperium
627 1804 956 1873 procederet,
992 1811 1045 1855 et
1074 1821 1195 1856 cum
1220 1811 1485 1855 terrarum
1513 1802 1659 1855 orbis
1682 1806 1790 1857 situ

118 1873 235 1941 ipse
267 1872 398 1924 ordo
425 1873 772 1924 victoriarum
806 1874 1107 1942 navigaret.
1163 1890 1273 1926 non
1303 1872 1454 1924 aliud
1479 1872 1787 1926 formidolo-
1810 1882 1840 1922 2

120 1942 231 1992 sius
259 1940 405 1992 fama
434 1940 637 1993 bellum
665 1941 793 2009 fuit3
826 1942 1023 2012 quippe
1052 1959 1173 1993 cum
1201 1941 1398 1996 Persas
1430 1948 1483 1993 et
1511 1942 1787 2009 orientem,

117 2008 347 2062 Xerxen
373 2010 548 2080 adque
568 2009 797 2062 Darium
814 2012 1131 2078 cogitarent,
1164 2011 1377 2081 quando
1395 2011 1628 2080 perfossi
1651 2012 1790 2064 invii

59 2097 102 2131 25
119 2086 342 2146 montes,
363 2078 577 2150 quando
598 2078 736 2131 velis
758 2097 788 2133 o
830 2087 1002 2131 ertum
1019 2097 1166 2131 mare
1186 2081 1541 2132 nuntiaretur.
1596 2080 1667 2133 ad
1686 2081 1788 2134 hoc
1812 2080 1838 2121 3

117 2146 378 2200 caelestes
397 2149 573 2200 minae
591 2149 779 2200 territa
818 2155 925 2215 ant,
956 2166 1077 2200 cum
1106 2166 1291 2202 umore
1322 2149 1574 2201 continuo
1597 2148 1788 2201 Cuma-

118 2234 220 2267 nus
239 2216 437 2287 Apollo
459 2217 693 2269 sudaret.
734 2218 832 2270 sed
852 2217 940 2269 hic
959 2217 1195 2269 faventis
1213 2218 1381 2269 Asiae
1403 2235 1530 2269 suae
1550 2219 1787 2270 numinis

118 2286 280 2338 timor
301 2294 431 2337 erat.
470 2303 571 2338 nec
593 2303 722 2338 sane
739 2287 876 2338 viris
896 2286 1088 2356 opibus
1108 2287 1378 2356 armisque
1399 2287 1685 2356 quicquam
1703 2304 1786 2339 co·
1804 2294 1833 2332 4
1886 2316 1895 2323 ·

117 2354 324 2424 piosius
347 2353 529 2475 Sfyria3
563 2355 659 2407 sed
686 2357 743 2407 in
769 2374 959 2407 manus
987 2363 1099 2407 tam
1126 2357 1313 2424 ignavi
1339 2356 1484 2424 regis
1509 2355 1787 2421 inciderat,

64 2447 108 2480 30
120 2431 181 2475 ut
209 2423 343 2475 nihil
399 2425 540 2475 uerit
569 2424 626 2475 in
656 2425 923 2479 Antiocho
953 2425 1248 2495 speciosius
1279 2442 1439 2495 quam
1503 2424 1612 2477 uod
1636 2425 1788 2476 aRo-

119 2493 294 2544 manis
313 2494 489 2545 victus
510 2499 608 2544 est.
642 2493 885 2563 inpulere
905 2512 1088 2563 regem
1107 2495 1163 2545 in
1182 2494 1240 2546 id
1258 2492 1461 2546 bellum
1478 2513 1496 2545 1
1520 2493 1628 2544 linc
1646 2492 1784 2544 Tho-
1803 2506 1831 2545 5

119 2579 179 2612 as
211 2561 459 2615 Aetoliae
485 2562 752 2632 princePS,
786 2563 1158 2616 inhonoratam
1189 2563 1334 2633 apud
1362 2563 1632 2615 Romanos
1662 2579 1788 2631 que-

118 2647 245 2682 rens
266 2631 528 2683 adversus
547 2630 872 2684 Macedonas
904 2632 1129 2684 militiae
1151 2650 1279 2684 suae
1312 2632 1636 2696 societatem,
1661 2630 1788 2681 hinc

117 2699 374 2767 Annibal,
398 2700 491 2770 qui
508 2700 564 2750 in
582 2699 773 2751 Africa
786 2701 978 2767 victuS,
999 2702 1261 2770 profugus
1283 2709 1335 2753 et
1352 2701 1501 2770 pacis
1521 2700 1787 2768 inpatiens

61 2787 104 2821 35
121 2767 332 2820 hostem
365 2768 564 2839 populo
601 2768 842 2822 Romano
881 2777 993 2822 toto
1033 2770 1161 2822 orbe
1200 2769 1506 2840 quaerebat.
1565 2776 1617 2819 et
1641 2768 1830 2848 quod6

120 2836 258 2889 illud
283 2838 478 2890 fuisset
495 2837 809 2907 periculum,
840 2839 886 2889 si
917 2857 974 2890 se
1001 2839 1239 2891 consiliis
1270 2839 1383 2890 eius
1413 2856 1513 2888 rex
1537 2836 1786 2888 tradidis-

124 2914 219 2970 set,
247 2906 306 2958 id
328 2914 408 2958 est
438 2907 483 2957 si
502 2907 669 2957 Asiae
696 2907 907 2958 viribus
933 2926 1062 2958 usus
1094 2908 1286 2959 fuisset
1311 2908 1600 2975 imperator
1617 2906 1786 2957 Anni·

1484 2975 1556 3027 3*
