2020 3168
230 162 299 214 26
829 177 1005 217 nom
1022 177 1297 218 ΕΡῙΤΟΜΑ.

159 313 217 356 29
371 301 550 371 Appio
581 299 809 354 Claudio
839 302 1058 354 consule
1086 320 1196 354 non
1226 302 1294 354 ab
1327 302 1589 370 hostibuS,
1619 303 1717 356 sed
1744 321 1777 356 a
1813 303 1895 356 dis

229 370 363 440 ipsis
386 377 667 439 superatus
699 377 804 436 est,
844 388 1071 440 quorum
1099 372 1342 441 auspicia
1365 378 1783 441 contempserat,
1824 371 1894 424 ab

228 438 314 491 his
335 440 516 490 statim
535 437 708 490 classe
729 438 988 504 demersa,
1008 439 1103 491 ubi
1120 439 1213 491 ille
1232 440 1577 509 praecipitari
1593 439 1769 509 pullos
1786 442 1894 493 ius-

231 515 388 573 serat,
410 507 554 576 quod
570 524 814 576 pugnare
836 506 904 558 ab
923 507 991 559 iis
1010 515 1301 560 vetaretur.

148 579 210 622 30
366 576 552 628 Marco
607 575 743 627 Fab·
833 576 1078 629 Buteone
1135 575 1357 630 consule
1414 576 1643 629 classem
1683 578 1792 629 iam
1835 579 1895 630 in
1911 593 1932 627 ⁵

227 645 415 698 Africo
438 646 576 696 mari
593 662 700 714 apu
788 646 1094 715 -egimurum
1115 647 1311 700 ostium
1337 647 1395 697 in
1413 645 1627 698 Italiam
1644 646 1784 699 ultro
1802 665 1895 707 na-

153 732 209 775 31
227 715 505 783 vigantem
523 714 735 767 cecidit.
775 722 1111 786 quantusque
1128 723 1242 767 tum
1259 714 1558 784 triumphus
1577 722 1894 785 tempestate

226 782 516 850 intercidit,
567 800 689 835 cum
738 783 991 853 opulenta
1024 785 1227 854 praeda
1264 784 1454 837 classis
1491 784 1736 836 adversis
1773 791 1896 837 acta

225 853 404 905 ventis
424 852 709 921 naufragio
734 870 830 905 suo
849 853 1094 905 Africam
1121 861 1174 906 et
1192 852 1367 924 Syrtis
1397 860 1449 904 et
1477 854 1714 905 omnium
1730 854 1905 916 inter-q

153 922 516 974 32-iacentium
543 921 841 973 insularum
870 921 1030 975 litora
1055 923 1129 974 im
1167 922 1324 975 levit!
1354 939 1552 991 magna
1567 921 1764 989 cladeS,
1794 921 1892 974 sed
1907 932 1950 967 1⁰

225 1009 335 1044 non
366 991 481 1042 sine
507 989 690 1059 aliqua
716 992 975 1060 principis
1001 1010 1147 1061 popu
1168 992 1189 1043 i
1218 991 1495 1060 dignitate,
1541 991 1894 1061 interceptam

223 1066 545 1130 tempestate
564 1061 848 1111 victoriam
867 1067 920 1111 et
937 1059 1266 1129 triumphum
1282 1061 1490 1129 perisse
1509 1059 1812 1128 naufragio.
1840 1068 1893 1111 ct

224 1137 406 1181 tamen
425 1145 547 1180 cum
565 1127 803 1180 Punicae
822 1128 1056 1198 praedae
1077 1128 1324 1180 omnibus
1342 1129 1727 1197 promunturiis
1745 1129 1892 1180 insu-

225 1198 401 1268 lisque
418 1196 706 1263 fluitarent,
726 1196 957 1266 populus
977 1197 1251 1250 Romanus
1272 1204 1325 1249 et
1345 1198 1422 1249 sic
1440 1196 1808 1266 triumphavit.

155 1277 211 1319 33
366 1266 582 1318 Lutatio
607 1265 799 1319 Catulo
828 1266 1048 1320 consule
1075 1266 1294 1319 tandem
1321 1265 1464 1318 bello
1482 1266 1605 1318 finis
1626 1267 1890 1335 inpositus
1907 1274 1950 1311 ¹⁵

227 1343 356 1406 aput
377 1334 598 1402 insulaS,
630 1334 825 1405 quibus
855 1354 1051 1388 nomen
1068 1335 1328 1405 Aegatae,
1360 1353 1460 1387 nec
1480 1337 1661 1388 ”maior
1681 1335 1815 1387 alias
1835 1336 1894 1387 in

151 1419 211 1461 34
226 1406 361 1457 mari
379 1422 579 1474 pugna.
626 1405 814 1457 aderat
833 1405 1029 1475 quippe
1049 1403 1450 1471 commeatibuS,
1481 1405 1736 1470 exercitU,
1771 1422 1893 1473 pro-

224 1473 559 1544 pugnaculiS,
583 1474 753 1525 armis
774 1475 958 1542 gravis
981 1473 1170 1525 classis
1204 1480 1256 1525 et
1285 1474 1342 1524 in
1373 1490 1436 1525 ea
1456 1475 1610 1544 quasi
1630 1480 1743 1526 tota
1764 1474 1894 1526 Gar-

149 1547 208 1590 35
227 1543 418 1611 thag03
441 1542 586 1613 quod
602 1543 780 1612 ipsum
800 1543 964 1595 exitio
987 1541 1106 1594 fuit.
1152 1543 1395 1595 Romana
1416 1542 1607 1594 classis
1627 1550 1890 1611 prompta,

224 1611 380 1679 leviS,
403 1611 657 1680 expedita
690 1619 741 1663 et
771 1611 1003 1681 quodam
1022 1629 1220 1680 genere
1246 1613 1535 1663 castrensis
1555 1611 1626 1663 ad
1647 1611 1889 1662 similitu·
1903 1623 1947 1656 20

224 1680 408 1733 dinem
435 1698 649 1750 pugnae
680 1698 708 1731 e
747 1682 944 1732 uestris
974 1682 1050 1732 sic
1082 1682 1244 1732 remis
1273 1682 1427 1750 quasi
1449 1680 1676 1732 habenis
1696 1679 1892 1748 ageba-

225 1757 327 1816 tur,
350 1751 476 1802 etin
495 1748 593 1802 hos
613 1749 703 1801 vel
722 1751 742 1801 i
764 1749 844 1802 los
865 1751 1003 1802 ictus
1022 1749 1243 1802 mobilia
1259 1756 1435 1802 rostra
1455 1750 1689 1818 speciem
1706 1750 1892 1801 viven—

152 1831 213 1874 36
228 1819 363 1870 tium
386 1818 783 1888 praeferebant.
834 1819 1016 1889 itaque
1045 1825 1313 1871 momento
1341 1819 1597 1887 temporis
1625 1817 1892 1870 laceratae

125 1881 145 1898 '¹
225 1888 461 1940 hostium
486 1894 630 1939 rates
657 1895 829 1941 totum
864 1889 1005 1940 inter
1034 1886 1274 1939 Siciliam
1303 1885 1710 1957 Sardiniamque
1746 1886 1891 1956 pela-

141 1975 204 2017 37
226 1974 327 2026 gus
363 1956 648 2025 naufragio
687 1975 783 2009 suo
822 1964 1161 2026 operuerunt.
1215 1964 1366 2008 tanta
1396 1956 1627 2026 denique
1663 1956 1767 2007 fuit
1795 1955 1889 2007 illa
1904 1973 1947 2006 25

204 2026 466 2092 victoria,
487 2032 546 2077 ut
567 2025 633 2077 de
657 2025 1010 2078 excindendis
1041 2025 1275 2078 hostium
1302 2024 1584 2078 moenibus
1603 2043 1712 2077 non
1731 2043 1890 2095 quae—

224 2102 448 2146 reretur.
491 2112 884 2165 supervacuum
901 2096 1081 2147 visum
1101 2095 1257 2146 estin
1275 2112 1452 2146 arcem
1470 2111 1756 2165 murosque
1777 2112 1890 2146 sae-

224 2164 358 2231 vire,
381 2181 502 2216 cum
521 2165 630 2216 iam
647 2166 706 2216 in
724 2165 861 2217 mari
882 2171 1026 2216 esset
1051 2163 1227 2216 deleta
1249 2162 1538 2233 Carthago.

534 2273 777 2327 XVIIII.
811 2273 1118 2328 BELLVM
1144 2274 1583 2330 LIGVRIOVM.

113 2393 170 2445 11,
193 2381 224 2433 3
366 2377 591 2429 Peracto
610 2376 814 2431 Punico
833 2376 976 2431 bello
999 2384 1181 2430 secuta
1200 2384 1281 2430 est
1297 2377 1480 2430 brevis
1501 2395 1630 2429 sane
1649 2377 1801 2447 quasi
1819 2376 1890 2429 ad
1904 2396 1945 2430 3⁰

225 2446 652 2516 recuperandum
680 2448 926 2516 spiritum
962 2449 1194 2517 requieS,
1234 2454 1710 2516 argumentumque
1739 2447 1888 2515 pacis

223 2524 279 2568 et
297 2517 440 2568 bona
468 2514 575 2567 fide
604 2517 928 2567 cessantium
959 2534 1227 2568 armorum
1249 2522 1364 2567 tum
1384 2517 1614 2585 primum
1642 2523 1762 2583 post
1782 2514 1890 2565 Nu-

228 2603 372 2636 mam
389 2585 572 2636 clausa
594 2592 749 2653 porta
767 2585 887 2636 Iani
906 2585 1029 2652 fuit3
1051 2585 1303 2654 deinceps
1327 2586 1506 2636 statim
1524 2601 1586 2635 ac
1606 2584 1720 2634 sine
1740 2601 1891 2634 mora

184 2661 211 2699 2
225 2655 412 2723 patuit.
451 2654 646 2722 quippe
665 2655 772 2704 iam
788 2654 1034 2723 Ligures,
1068 2655 1176 2704 iam
1194 2653 1449 2705 Insubres
1471 2653 1630 2718 Galli,
1660 2670 1760 2702 nec
1781 2670 1889 2704 non

226 2730 280 2773 et
299 2722 507 2792 Illyrici
526 2721 878 2789 lacessebant,
910 2724 1043 2774 sitae
1064 2722 1163 2774 sub
1189 2722 1435 2792 Alpibus,
1456 2723 1514 2774 id
1534 2728 1614 2773 est
1635 2720 1772 2772 subi
1812 2721 1883 2772 sis
1900 2731 1942 2764 ³⁵

226 2790 416 2842 ltaliae
445 2789 692 2843 faucibus
724 2799 928 2861 genteS,
972 2791 1073 2843 deo
1105 2792 1336 2861 quodam
1363 2792 1618 2842 incitante
1646 2789 1763 2841 adsi
1803 2808 1887 2855 ue,

180 2873 209 2914 3
227 2877 293 2911 ne
321 2859 626 2928 rubiginem
654 2878 716 2912 ac
746 2862 906 2913 situm
936 2861 1140 2913 scilicet
1159 2878 1307 2912 arma
1335 2861 1610 2912 sentirent.
1659 2858 1888 2929 denique
