2020 3168
195 170 263 220 54
789 179 963 219 mom
988 179 1262 218 EPITOMA.

193 305 305 357 cius
349 322 455 356 uno
502 304 614 356 eius
661 304 861 371 edicto,
911 320 1031 354 cum
1067 321 1249 355 omnes
1286 304 1378 374 qui
1421 305 1479 356 in
1513 306 1646 358 Asia
1682 307 1858 362 forent

191 373 466 426 Romanae
495 374 727 424 civitatis
758 372 999 425 homines
1027 371 1256 424 interfici
1279 372 1474 424 iussit?
1510 380 1622 426 tum
1641 377 1858 446 quidem

193 442 380 495 domus
431 441 632 511 templa
678 448 730 492 et
775 458 923 506 arae,
971 439 1205 491 humana
1240 441 1417 492 omnia
1454 441 1628 512 adque
1671 444 1857 497 divina

147 511 310 569 eiura
344 510 544 562 violata
581 516 720 561 sunt.
771 510 869 561 sed
901 508 989 559 hic
1023 515 1199 560 terror
1224 508 1390 561 Asiae
1426 509 1698 580 Europam
1732 531 1836 582 (1110

190 597 293 649 (1110
326 579 444 646 regi
472 577 764 647 aperiebat.
797 579 978 648 itaque
998 577 1176 629 missis
1194 577 1461 632 Archelao
1480 578 1852 650 Neoptolemo·
1869 603 1890 635 5

192 665 294 717 que
322 646 636 716 praesectis,
676 664 807 698 exce
845 654 901 699 ta
929 645 1145 713 Rhodon,
1181 664 1316 734 quae
1344 664 1442 717 pro
1471 647 1628 701 nobis
1653 648 1856 702 firmius

193 717 364 782 stetit,
396 722 606 767 ceterae
628 714 797 786 Cycla
839 734 921 782 es,
950 714 1143 782 Delos,
1176 715 1400 768 Euboea
1424 723 1476 769 et
1498 717 1673 787 ipsum
1691 718 1857 771 Grae·

151 786 307 842 ociae
346 785 507 837 decus
536 784 783 836 Athenae
818 782 1154 854 tenebantur.
1203 784 1417 836 Italiam
1447 786 1554 837 iam
1579 787 1753 856 ipsam
1789 806 1858 839 ue

188 853 378 906 urbem
412 854 639 905 Romam
672 855 853 923 regius
889 860 1063 905 terror
1098 853 1350 905 adflabat.
1397 854 1577 925 itaque
1612 855 1677 907 L.
1709 854 1745 908 S
1805 856 1859 908 la

189 922 433 989 festinat,
471 923 556 973 vir
593 923 754 973 armis
786 940 816 974 0
853 923 1040 988 11111118,
1075 923 1299 992 parique
1327 922 1588 975 violentia
1613 932 1914 977 1110111011110

120 1009 176 1051 10
193 991 417 1044 ulterius
446 990 655 1043 hostem
686 940 915 1060 quadlam
943 992 1096 1060 quasi
1123 1008 1285 1041 manu
1311 992 1559 1060 reppulit.
1606 994 1856 1062 primum—

193 1078 296 1130 que
320 1059 561 1112 Athenas
591 1058 805 1125 urbem,
841 1090 912 1100 ·—-
949 1059 1066 1128 quis
1097 1058 1377 1110 crederet?
1409 1090 1481 1099 -—
1515 1059 1734 1128 frugum
1805 1079 1857 1113 a·

189 1135 420 1194 rentem,
453 1128 731 1180 obsidione
763 1144 826 1180 ac
856 1127 998 1178 fame
1028 1127 1098 1178 ad
1125 1126 1384 1180 humanos
1415 1127 1563 1180 cibos
1593 1146 1768 1198 conpu
1790 1131 1856 1197 it3

190 1216 317 1249 mox
347 1197 598 1255 subrutus
627 1196 807 1248 Piraei
834 1203 1019 1267 portus
1051 1214 1149 1247 sex
1177 1202 1268 1247 aut
1295 1195 1523 1266 amplius
1554 1199 1721 1249 muris
1751 1200 1858 1250 cin-

191 1273 325 1318 01118.
378 1272 661 1336 postquam
698 1265 975 1317 domuerat
1009 1265 1399 1333 ingratissimos
1435 1264 1733 1333 hominum,
1778 1274 1913 1318 ta-15

189 1353 339 1402 men,
378 1342 439 1386 ut
473 1336 590 1404 ipse
628 1334 791 1401 dixit,
826 1335 883 1385 in
910 1333 1167 1386 honorem
1193 1341 1522 1386 mortuorum
1552 1336 1717 1387 sacris
1746 1337 1856 1387 suis

118 1417 171 1458 11
189 1404 365 1456 famae
404 1422 471 1455 ue
519 1404 756 1456 donavit.
813 1420 941 1455 mox
986 1419 1107 1455 cum
1164 1402 1389 1454 Euboea
1429 1410 1588 1473 atque
1633 1404 1859 1457 Boeotia

187 1474 367 1543 praesi
407 1473 460 1524 ia
488 1473 633 1541 regis
655 1471 971 1541 depulisset,
1004 1472 1174 1523 omnis
1196 1472 1375 1541 copias
1397 1489 1503 1523 uno
1526 1473 1669 1542 apud
1689 1472 1858 1526 Chae-

187 1543 421 1608 roniam,
461 1541 605 1611 apud
634 1536 1009 1593 Orchomenon
1037 1540 1206 1592 altero
1240 1539 1378 1593 bello
1411 1541 1717 1610 dissipavit,
1755 1549 1857 1593 sta-

188 1611 392 1680 timque
430 1611 488 1661 in
521 1611 710 1662 Asiam
745 1617 1112 1678 transgressus
1145 1610 1321 1679 ipsum
1358 1627 1424 1679 op
1463 1611 1623 1662 rimit.
1683 1618 1735 1663 et
1771 1611 1858 1662 de·
1874 1626 1916 1659 20

189 1678 449 1731 bellatum
479 1679 641 1745 foret,
676 1679 782 1730 nisi
811 1679 877 1731 de
896 1678 1205 1730 Mithridate
1228 1679 1424 1758 triump
1465 1696 1556 1733 are
1576 1680 1680 1732 cito
1735 1680 1860 1731 uam

122 1762 175 1803 12
190 1765 319 1800 vere
349 1747 643 1800 maluisset.
681 1765 744 1799 ac
770 1755 883 1799 tum
901 1747 1116 1816 quidem
1143 1747 1286 1798 hunc
1302 1748 1467 1799 Aslae
1494 1754 1689 1799 statum
1748 1748 1860 1800 ulla

192 1816 430 1868 dederat.
469 1818 633 1868 ictum
661 1834 782 1868 cum
811 1816 1050 1868 Ponticis
1070 1816 1285 1881 foedUS,
1324 1833 1447 1868 rece
1486 1817 1527 1868 it
1545 1816 1860 1887 Bithyniam

191 1903 224 1936 a
256 1902 385 1954 rege
429 1885 750 1937 Nicomedes
761 1925 776 1952 ,
823 1883 1218 1936 Ariobarzanes
1258 1884 1443 1954 Cappa
1485 1886 1680 1954 ociam,
1723 1886 1859 1938 Asia

189 1971 372 2005 rursus
411 1961 618 2020 nostra,
656 1959 716 2004 ut
752 1960 1024 2033 coeperat,
1064 1953 1402 2006 Mithridates
1439 1961 1645 2005 tantum
1680 1954 1854 2024 repul·
1870 1967 1912 2000 25

191 2040 298 2074 8118.
353 2023 533 2092 itaque
578 2039 687 2073 non
722 2021 886 2091 freg1t
923 2039 986 2074 ea
1020 2040 1106 2074 res
1141 2022 1393 2076 Ponticos
1403 2062 1418 2088 ,
1468 2023 1564 2075 sed
1599 2023 1853 2076 incendit.

122 2104 176 2146 13
193 2092 387 2161 quippe
432 2109 532 2142 rex
573 2091 707 2142 Asia
753 2098 805 2142 et
848 2090 1068 2160 Europa
1109 2091 1338 2161 quodam
1382 2092 1540 2143 modo
1587 2092 1853 2145 inescatus

127 2191 130 2193 >
190 2177 300 2212 non
338 2161 446 2211 iam
479 2161 633 2230 quasi
668 2159 922 2224 alienam,
963 2160 1083 2226 sed,
1123 2161 1248 2230 quia
1275 2161 1549 2226 amiserat,
1591 2163 1744 2230 quasi
1772 2179 1855 2212 ra-

122 2241 177 2281 14
225 2236 335 2280 tam
379 2228 511 2280 belli
556 2231 672 2280 iure
717 2227 1009 2298 repetebat.
1065 2230 1230 2297 igitur
1280 2235 1339 2280 ut
1387 2230 1623 2281 extincta
1667 2248 1856 2300 parum

232 2297 422 2349 deliter
484 2297 734 2350 incendia
794 2298 994 2349 maiore
1056 2296 1270 2348 flamma
1332 2299 1673 2350 revivescunt
1691 2339 1705 2365 ,
1779 2300 1854 2350 ita
1868 2314 1908 2348 30

191 2365 282 2417 ille
320 2366 385 2418 de
422 2367 656 2435 integro,
695 2367 864 2418 auctis
901 2367 1155 2417 maiorem
1184 2367 1241 2417 in
1269 2366 1486 2418 modum
1519 2369 1710 2436 0011118,
1741 2375 1853 2420 tota

193 2434 422 2504 denique
464 2436 621 2504 regni
667 2436 751 2486 sui
796 2435 934 2487 mole
979 2437 1037 2486 in
1082 2435 1269 2486 Asiam
1314 2452 1497 2486 rursus
1540 2437 1675 2487 mari
1710 2444 1853 2488 terra

192 2503 606 2573 fluminibusque
642 2503 909 2555 veniebat.
1240 2523 1243 2525 ’

127 2588 176 2626 15
337 2572 591 2642 CyzicUS,
640 2571 836 2625 nobilis
884 2573 1098 2639 civitaS,
1147 2591 1294 2640 arce,
1343 2572 1646 2639 moenibuS,
1693 2580 1851 2643 portu

190 2641 531 2712 turribusque
558 2642 865 2694 marmoreis
892 2642 1163 2694 Asiaticae
1188 2642 1379 2712 plagae
1402 2642 1559 2694 litora
1583 2643 1847 2693 inlustrat.
1864 2655 1906 2688 3⁵

189 2710 328 2761 hanc
374 2710 467 2763 ille
514 2712 667 2781 quasi
712 2711 933 2762 alteram
980 2711 1204 2763 Romam
1237 2718 1349 2763 toto
1386 2712 1655 2762 invaserat
1687 2711 1847 2762 bello.

120 2793 177 2833 >16
194 2779 290 2830 sed
316 2779 567 2831 fiduciam
595 2779 873 2849 oppidanis
904 2780 1189 2832 resistendi
1215 2781 1430 2831 nuntius
1465 2780 1614 2845 fecit,
1654 2779 1848 2832 docens

193 2848 484 2900 adventare
531 2847 838 2914 Lucullum,
894 2849 984 2918 qui
1027 2880 1097 2888 -—-
1142 2848 1396 2901 horribile
1444 2848 1590 2900 dictu
1632 2879 1703 2886 —
1754 2865 1854 2917 per
