<?xml version="1.0" encoding="UTF-8"?>
<!DOCTYPE html PUBLIC "-//W3C//DTD XHTML 1.0 Transitional//EN"
    "http://www.w3.org/TR/xhtml1/DTD/xhtml1-transitional.dtd">
<html xmlns="http://www.w3.org/1999/xhtml" xml:lang="en" lang="en">
 <head>
  <title>
</title>
<meta http-equiv="Content-Type" content="text/html;charset=utf-8" />
  <meta name='ocr-system' content='tesseract 3.04.00' />
  <meta name='ocr-capabilities' content='ocr_page ocr_carea ocr_par ocr_line ocrx_word'/>
</head>
<body>
  <div class='ocr_page' id='page_1' title='image "./epitomaedetitoli00floruoft_0072.png"; bbox 0 0 2020 3168; ppageno 0'>
   <div class='ocr_carea' id='block_1_1' title="bbox 225 169 1302 228">
    <p class='ocr_par' dir='ltr' id='par_1_1' title="bbox 225 169 1302 228">
     <span class='ocr_line' id='line_1_1' title="bbox 225 169 1302 228; baseline 0 -7"><span class='ocrx_word' id='word_1_1' title='bbox 225 169 296 222; x_wconf 87' lang='grc'>48</span> <span class='ocrx_word' id='word_1_2' title='bbox 634 224 638 228; x_wconf 15' lang='grc' dir='ltr'><em>Α</em></span> <span class='ocrx_word' id='word_1_3' title='bbox 828 182 1002 222; x_wconf 78' lang='lat' dir='ltr'>FLom</span> <span class='ocrx_word' id='word_1_4' title='bbox 1027 182 1302 221; x_wconf 82' lang='lat' dir='ltr'>EPITOMA.</span> 
     </span>
    </p>
   </div>
   <div class='ocr_carea' id='block_1_2' title="bbox 153 304 1980 2926">
    <p class='ocr_par' dir='ltr' id='par_1_2' title="bbox 153 304 1980 2926">
     <span class='ocr_line' id='line_1_2' title="bbox 229 304 1894 376; baseline 0.001 -18"><span class='ocrx_word' id='word_1_5' title='bbox 229 324 355 375; x_wconf 88' lang='lat' dir='ltr'>gam</span> <span class='ocrx_word' id='word_1_6' title='bbox 384 305 571 358; x_wconf 91' lang='lat' dir='ltr'>eadem</span> <span class='ocrx_word' id='word_1_7' title='bbox 599 305 767 375; x_wconf 90' lang='lat' dir='ltr'>quies.</span> <span class='ocrx_word' id='word_1_8' title='bbox 810 306 929 375; x_wconf 88' lang='lat' dir='ltr'>quis</span> <span class='ocrx_word' id='word_1_9' title='bbox 964 313 1204 376; x_wconf 83' lang='lat' dir='ltr'>speraret</span> <span class='ocrx_word' id='word_1_10' title='bbox 1229 312 1351 375; x_wconf 88' lang='lat' dir='ltr'>post</span> <span class='ocrx_word' id='word_1_11' title='bbox 1383 304 1766 375; x_wconf 80' lang='lat' dir='ltr'>Carthaginem</span> <span class='ocrx_word' id='word_1_12' title='bbox 1798 307 1894 360; x_wconf 86' lang='lat' dir='ltr'>ali-</span> 
     </span>
     <span class='ocr_line' id='line_1_3' title="bbox 182 372 1894 445; baseline 0.001 -18"><span class='ocrx_word' id='word_1_13' title='bbox 182 380 213 420; x_wconf 84' lang='lat'><strong>2</strong></span> <span class='ocrx_word' id='word_1_14' title='bbox 232 374 376 445; x_wconf 89' lang='lat' dir='ltr'>quod</span> <span class='ocrx_word' id='word_1_15' title='bbox 403 375 462 426; x_wconf 92' lang='lat' dir='ltr'>in</span> <span class='ocrx_word' id='word_1_16' title='bbox 484 373 674 424; x_wconf 88' lang='lat' dir='ltr'>Africa</span> <span class='ocrx_word' id='word_1_17' title='bbox 702 372 943 426; x_wconf 79' lang='lat' dir='ltr'>bellum?</span> <span class='ocrx_word' id='word_1_18' title='bbox 983 382 1036 426; x_wconf 91' lang='lat' dir='ltr'>at</span> <span class='ocrx_word' id='word_1_19' title='bbox 1074 376 1167 426; x_wconf 91' lang='lat' dir='ltr'>uin</span> <span class='ocrx_word' id='word_1_20' title='bbox 1190 392 1299 425; x_wconf 91' lang='lat' dir='ltr'>non</span> <span class='ocrx_word' id='word_1_21' title='bbox 1326 374 1518 426; x_wconf 89' lang='lat' dir='ltr'>leviter</span> <span class='ocrx_word' id='word_1_22' title='bbox 1550 393 1608 435; x_wconf 83' lang='lat' dir='ltr'>se</span> <span class='ocrx_word' id='word_1_23' title='bbox 1636 375 1894 429; x_wconf 86' lang='lat' dir='ltr'>Numidia</span> 
     </span>
     <span class='ocr_line' id='line_1_4' title="bbox 227 441 1891 512; baseline 0.001 -17"><span class='ocrx_word' id='word_1_24' title='bbox 227 443 510 507; x_wconf 81' lang='lat' dir='ltr'>concussit,</span> <span class='ocrx_word' id='word_1_25' title='bbox 555 448 607 492; x_wconf 92' lang='lat' dir='ltr'>et</span> <span class='ocrx_word' id='word_1_26' title='bbox 643 441 747 492; x_wconf 89' lang='lat' dir='ltr'>fuit</span> <span class='ocrx_word' id='word_1_27' title='bbox 776 443 833 493; x_wconf 93' lang='lat' dir='ltr'>in</span> <span class='ocrx_word' id='word_1_28' title='bbox 861 442 1051 511; x_wconf 90' lang='lat' dir='ltr'>Iugurt</span> <span class='ocrx_word' id='word_1_29' title='bbox 1091 461 1122 493; x_wconf 90' lang='lat' dir='ltr'>a</span> <span class='ocrx_word' id='word_1_30' title='bbox 1154 442 1298 512; x_wconf 90' lang='lat' dir='ltr'>quod</span> <span class='ocrx_word' id='word_1_31' title='bbox 1326 449 1447 512; x_wconf 89' lang='lat' dir='ltr'>post</span> <span class='ocrx_word' id='word_1_32' title='bbox 1469 442 1796 495; x_wconf 87' lang='lat' dir='ltr'>Annibalem</span> <span class='ocrx_word' id='word_1_33' title='bbox 1826 446 1891 496; x_wconf 91' lang='lat' dir='ltr'>ti-</span> 
     </span>
     <span class='ocr_line' id='line_1_5' title="bbox 225 510 1888 580; baseline 0.001 -16"><span class='ocrx_word' id='word_1_34' title='bbox 225 519 475 564; x_wconf 84' lang='lat' dir='ltr'>meretur.</span> <span class='ocrx_word' id='word_1_35' title='bbox 529 511 725 579; x_wconf 79' lang='lat' dir='ltr'>quippe</span> <span class='ocrx_word' id='word_1_36' title='bbox 751 528 852 562; x_wconf 85' lang='lat' dir='ltr'>rex</span> <span class='ocrx_word' id='word_1_37' title='bbox 885 511 1262 563; x_wconf 80' lang='lat' dir='ltr'>callidissimus</span> <span class='ocrx_word' id='word_1_38' title='bbox 1302 510 1558 580; x_wconf 91' lang='lat' dir='ltr'>populum</span> <span class='ocrx_word' id='word_1_39' title='bbox 1587 511 1888 566; x_wconf 85' lang='lat' dir='ltr'>Romanum</span> 
     </span>
     <span class='ocr_line' id='line_1_6' title="bbox 227 579 1934 650; baseline 0.001 -19"><span class='ocrx_word' id='word_1_40' title='bbox 227 581 389 631; x_wconf 78' lang='lat' dir='ltr'>armis</span> <span class='ocrx_word' id='word_1_41' title='bbox 436 579 696 630; x_wconf 88' lang='lat' dir='ltr'>invictum</span> <span class='ocrx_word' id='word_1_42' title='bbox 742 579 933 648; x_wconf 89' lang='lat' dir='ltr'>opibus</span> <span class='ocrx_word' id='word_1_43' title='bbox 964 580 1251 648; x_wconf 88' lang='lat' dir='ltr'>adgressus</span> <span class='ocrx_word' id='word_1_44' title='bbox 1290 587 1397 647; x_wconf 83' lang='lat' dir='ltr'>est3</span> <span class='ocrx_word' id='word_1_45' title='bbox 1447 587 1528 631; x_wconf 90' lang='lat' dir='ltr'>set</span> <span class='ocrx_word' id='word_1_46' title='bbox 1576 581 1710 631; x_wconf 88' lang='lat' dir='ltr'>citra</span> <span class='ocrx_word' id='word_1_47' title='bbox 1745 599 1895 650; x_wconf 86' lang='lat' dir='ltr'>spem</span> <span class='ocrx_word' id='word_1_48' title='bbox 1907 586 1934 636; x_wconf 77' lang='lat'>‚5</span> 
     </span>
     <span class='ocr_line' id='line_1_7' title="bbox 228 647 1894 718; baseline 0 -17"><span class='ocrx_word' id='word_1_49' title='bbox 228 650 462 701; x_wconf 89' lang='lat' dir='ltr'>omnium</span> <span class='ocrx_word' id='word_1_50' title='bbox 480 647 698 700; x_wconf 88' lang='lat' dir='ltr'>fortuna</span> <span class='ocrx_word' id='word_1_51' title='bbox 726 649 902 715; x_wconf 82' lang='lat' dir='ltr'>cessit,</span> <span class='ocrx_word' id='word_1_52' title='bbox 930 656 991 700; x_wconf 91' lang='lat' dir='ltr'>ut</span> <span class='ocrx_word' id='word_1_53' title='bbox 1018 666 1119 700; x_wconf 82' lang='lat' dir='ltr'>rex</span> <span class='ocrx_word' id='word_1_54' title='bbox 1144 649 1335 701; x_wconf 86' lang='lat' dir='ltr'>fraude</span> <span class='ocrx_word' id='word_1_55' title='bbox 1363 650 1682 718; x_wconf 88' lang='lat' dir='ltr'>praecipuus</span> <span class='ocrx_word' id='word_1_56' title='bbox 1703 649 1894 702; x_wconf 89' lang='lat' dir='ltr'>fraude</span> 
     </span>
     <span class='ocr_line' id='line_1_8' title="bbox 180 715 1893 798; baseline 0.002 -29"><span class='ocrx_word' id='word_1_57' title='bbox 180 721 209 763; x_wconf 87' lang='lat'><strong>3</strong></span> <span class='ocrx_word' id='word_1_58' title='bbox 230 723 525 787; x_wconf 89' lang='lat' dir='ltr'>caperetur.</span> <span class='ocrx_word' id='word_1_59' title='bbox 563 715 666 783; x_wconf 90' lang='lat' dir='ltr'>hic,</span> <span class='ocrx_word' id='word_1_60' title='bbox 696 717 1015 769; x_wconf 85' lang='lat' dir='ltr'>Massinissa</span> <span class='ocrx_word' id='word_1_61' title='bbox 1032 735 1150 784; x_wconf 87' lang='lat' dir='ltr'>avo,</span> <span class='ocrx_word' id='word_1_62' title='bbox 1176 718 1406 798; x_wconf 86' lang='lat' dir='ltr'>Micipsa</span> <span class='ocrx_word' id='word_1_63' title='bbox 1433 725 1585 787; x_wconf 89' lang='lat' dir='ltr'>patre</span> <span class='ocrx_word' id='word_1_64' title='bbox 1614 736 1712 787; x_wconf 90' lang='lat' dir='ltr'>per</span> <span class='ocrx_word' id='word_1_65' title='bbox 1731 718 1893 788; x_wconf 88' lang='lat' dir='ltr'>adop-</span> 
     </span>
     <span class='ocr_line' id='line_1_9' title="bbox 225 785 1894 856; baseline 0 -17"><span class='ocrx_word' id='word_1_66' title='bbox 225 789 440 852; x_wconf 80' lang='lat' dir='ltr'>tionem,</span> <span class='ocrx_word' id='word_1_67' title='bbox 478 803 598 837; x_wconf 89' lang='lat' dir='ltr'>cum</span> <span class='ocrx_word' id='word_1_68' title='bbox 621 785 922 838; x_wconf 90' lang='lat' dir='ltr'>interficere</span> <span class='ocrx_word' id='word_1_69' title='bbox 949 787 1143 839; x_wconf 87' lang='lat' dir='ltr'>fratres</span> <span class='ocrx_word' id='word_1_70' title='bbox 1175 794 1448 839; x_wconf 79' lang='lat' dir='ltr'>statuisset</span> <span class='ocrx_word' id='word_1_71' title='bbox 1475 788 1706 855; x_wconf 90' lang='lat' dir='ltr'>agitatus</span> <span class='ocrx_word' id='word_1_72' title='bbox 1738 788 1894 856; x_wconf 88' lang='lat' dir='ltr'>regni</span> 
     </span>
     <span class='ocr_line' id='line_1_10' title="bbox 227 854 1893 926; baseline 0 -19"><span class='ocrx_word' id='word_1_73' title='bbox 227 855 534 925; x_wconf 85' lang='lat' dir='ltr'>cupiditate,</span> <span class='ocrx_word' id='word_1_74' title='bbox 563 872 665 906; x_wconf 90' lang='lat' dir='ltr'>nec</span> <span class='ocrx_word' id='word_1_75' title='bbox 700 854 821 907; x_wconf 90' lang='lat' dir='ltr'>illos</span> <span class='ocrx_word' id='word_1_76' title='bbox 859 856 1031 924; x_wconf 88' lang='lat' dir='ltr'>magis</span> <span class='ocrx_word' id='word_1_77' title='bbox 1070 874 1230 925; x_wconf 91' lang='lat' dir='ltr'>quam</span> <span class='ocrx_word' id='word_1_78' title='bbox 1259 862 1503 907; x_wconf 90' lang='lat' dir='ltr'>senatum</span> <span class='ocrx_word' id='word_1_79' title='bbox 1529 855 1893 926; x_wconf 86' lang='lat' dir='ltr'>populumque</span> 
     </span>
     <span class='ocr_line' id='line_1_11' title="bbox 227 924 1952 1004; baseline -0.001 -27"><span class='ocrx_word' id='word_1_80' title='bbox 227 925 542 989; x_wconf 86' lang='lat' dir='ltr'>Romanum,</span> <span class='ocrx_word' id='word_1_81' title='bbox 577 941 802 1004; x_wconf 88' lang='lat' dir='ltr'>quorum</span> <span class='ocrx_word' id='word_1_82' title='bbox 830 924 888 975; x_wconf 91' lang='lat' dir='ltr'>in</span> <span class='ocrx_word' id='word_1_83' title='bbox 914 925 1022 976; x_wconf 91' lang='lat' dir='ltr'>fide</span> <span class='ocrx_word' id='word_1_84' title='bbox 1057 933 1109 976; x_wconf 91' lang='lat' dir='ltr'>et</span> <span class='ocrx_word' id='word_1_85' title='bbox 1137 926 1195 976; x_wconf 92' lang='lat' dir='ltr'>in</span> <span class='ocrx_word' id='word_1_86' title='bbox 1224 924 1474 976; x_wconf 89' lang='lat' dir='ltr'>clientela</span> <span class='ocrx_word' id='word_1_87' title='bbox 1501 942 1729 993; x_wconf 87' lang='lat' dir='ltr'>regnum</span> <span class='ocrx_word' id='word_1_88' title='bbox 1759 932 1888 992; x_wconf 86' lang='lat' dir='ltr'>erat,</span> <span class='ocrx_word' id='word_1_89' title='bbox 1910 933 1952 968; x_wconf 85' lang='lat'>1⁰</span> 
     </span>
     <span class='ocr_line' id='line_1_12' title="bbox 182 993 1894 1062; baseline -0.001 -15"><span class='ocrx_word' id='word_1_90' title='bbox 182 1008 210 1047; x_wconf 83' lang='lat'>4</span> <span class='ocrx_word' id='word_1_91' title='bbox 228 998 502 1058; x_wconf 88' lang='lat' dir='ltr'>metueret,</span> <span class='ocrx_word' id='word_1_92' title='bbox 532 1010 763 1061; x_wconf 81' lang='lat' dir='ltr'>prlmum</span> <span class='ocrx_word' id='word_1_93' title='bbox 792 993 965 1045; x_wconf 91' lang='lat' dir='ltr'>scelus</span> <span class='ocrx_word' id='word_1_94' title='bbox 986 993 1204 1045; x_wconf 88' lang='lat' dir='ltr'>mandat</span> <span class='ocrx_word' id='word_1_95' title='bbox 1222 994 1451 1046; x_wconf 77' lang='lat' dir='ltr'>insidjis.</span> <span class='ocrx_word' id='word_1_96' title='bbox 1487 995 1688 1062; x_wconf 89' lang='lat' dir='ltr'>potitus</span> <span class='ocrx_word' id='word_1_97' title='bbox 1708 993 1894 1045; x_wconf 92' lang='lat' dir='ltr'>Hiem-</span> 
     </span>
     <span class='ocr_line' id='line_1_13' title="bbox 264 1061 1894 1132; baseline 0.001 -19"><span class='ocrx_word' id='word_1_98' title='bbox 264 1062 389 1113; x_wconf 91' lang='lat' dir='ltr'>salis</span> <span class='ocrx_word' id='word_1_99' title='bbox 421 1062 594 1131; x_wconf 90' lang='lat' dir='ltr'>capite</span> <span class='ocrx_word' id='word_1_100' title='bbox 632 1079 752 1113; x_wconf 91' lang='lat' dir='ltr'>cum</span> <span class='ocrx_word' id='word_1_101' title='bbox 782 1079 839 1115; x_wconf 91' lang='lat' dir='ltr'>se</span> <span class='ocrx_word' id='word_1_102' title='bbox 868 1063 926 1113; x_wconf 93' lang='lat' dir='ltr'>in</span> <span class='ocrx_word' id='word_1_103' title='bbox 954 1061 1320 1114; x_wconf 88' lang='lat' dir='ltr'>Adherbalem</span> <span class='ocrx_word' id='word_1_104' title='bbox 1356 1063 1712 1113; x_wconf 88' lang='lat' dir='ltr'>convertisset</span> <span class='ocrx_word' id='word_1_105' title='bbox 1739 1062 1894 1132; x_wconf 91' lang='lat' dir='ltr'>isque</span> 
     </span>
     <span class='ocr_line' id='line_1_14' title="bbox 278 1129 1896 1200; baseline -0.001 -16"><span class='ocrx_word' id='word_1_106' title='bbox 278 1148 452 1184; x_wconf 90' lang='lat' dir='ltr'>omam</span> <span class='ocrx_word' id='word_1_107' title='bbox 488 1129 840 1199; x_wconf 86' lang='lat' dir='ltr'>profugisset,</span> <span class='ocrx_word' id='word_1_108' title='bbox 879 1131 1044 1182; x_wconf 79' lang='lat' dir='ltr'>missa</span> <span class='ocrx_word' id='word_1_109' title='bbox 1085 1149 1182 1200; x_wconf 89' lang='lat' dir='ltr'>per</span> <span class='ocrx_word' id='word_1_110' title='bbox 1220 1130 1426 1199; x_wconf 87' lang='lat' dir='ltr'>legatos</span> <span class='ocrx_word' id='word_1_111' title='bbox 1462 1130 1692 1199; x_wconf 88' lang='lat' dir='ltr'>pecunia</span> <span class='ocrx_word' id='word_1_112' title='bbox 1727 1132 1896 1182; x_wconf 86' lang='lat' dir='ltr'>traxit</span> 
     </span>
     <span class='ocr_line' id='line_1_15' title="bbox 181 1198 1894 1259; baseline -0.001 -7"><span class='ocrx_word' id='word_1_113' title='bbox 181 1219 209 1259; x_wconf 83' lang='lat'>5</span> <span class='ocrx_word' id='word_1_114' title='bbox 226 1202 284 1252; x_wconf 91' lang='lat' dir='ltr'>in</span> <span class='ocrx_word' id='word_1_115' title='bbox 313 1199 632 1251; x_wconf 89' lang='lat' dir='ltr'>sententiam</span> <span class='ocrx_word' id='word_1_116' title='bbox 659 1217 810 1251; x_wconf 87' lang='lat' dir='ltr'>suam</span> <span class='ocrx_word' id='word_1_117' title='bbox 839 1206 1100 1250; x_wconf 88' lang='lat' dir='ltr'>senatum.</span> <span class='ocrx_word' id='word_1_118' title='bbox 1142 1206 1193 1251; x_wconf 86' lang='lat' dir='ltr'>et</span> <span class='ocrx_word' id='word_1_119' title='bbox 1221 1199 1355 1251; x_wconf 89' lang='lat' dir='ltr'>haec</span> <span class='ocrx_word' id='word_1_120' title='bbox 1387 1200 1500 1251; x_wconf 91' lang='lat' dir='ltr'>eius</span> <span class='ocrx_word' id='word_1_121' title='bbox 1527 1198 1631 1251; x_wconf 81' lang='lat' dir='ltr'>fuit</span> <span class='ocrx_word' id='word_1_122' title='bbox 1653 1199 1719 1252; x_wconf 91' lang='lat' dir='ltr'>de</span> <span class='ocrx_word' id='word_1_123' title='bbox 1736 1199 1894 1252; x_wconf 88' lang='lat' dir='ltr'>nobis</span> 
     </span>
     <span class='ocr_line' id='line_1_16' title="bbox 220 1267 1953 1339; baseline -0.001 -18"><span class='ocrx_word' id='word_1_124' title='bbox 220 1270 395 1339; x_wconf 92' lang='lat' dir='ltr'>prima</span> <span class='ocrx_word' id='word_1_125' title='bbox 423 1268 666 1320; x_wconf 85' lang='lat' dir='ltr'>victoria.</span> <span class='ocrx_word' id='word_1_126' title='bbox 717 1269 908 1320; x_wconf 92' lang='lat' dir='ltr'>missos</span> <span class='ocrx_word' id='word_1_127' title='bbox 940 1268 1150 1335; x_wconf 90' lang='lat' dir='ltr'>deinde,</span> <span class='ocrx_word' id='word_1_128' title='bbox 1225 1269 1282 1320; x_wconf 91' lang='lat' dir='ltr'>ui</span> <span class='ocrx_word' id='word_1_129' title='bbox 1316 1286 1544 1336; x_wconf 89' lang='lat' dir='ltr'>regnum</span> <span class='ocrx_word' id='word_1_130' title='bbox 1572 1269 1712 1320; x_wconf 90' lang='lat' dir='ltr'>inter</span> <span class='ocrx_word' id='word_1_131' title='bbox 1741 1267 1894 1320; x_wconf 88' lang='lat' dir='ltr'>illum</span> <span class='ocrx_word' id='word_1_132' title='bbox 1913 1273 1953 1306; x_wconf 87' lang='lat'>¹⁵</span> 
     </span>
     <span class='ocr_line' id='line_1_17' title="bbox 219 1337 1896 1407; baseline -0.001 -17"><span class='ocrx_word' id='word_1_133' title='bbox 219 1337 691 1407; x_wconf 89' lang='lat' dir='ltr'>Adherbalemque</span> <span class='ocrx_word' id='word_1_134' title='bbox 724 1337 1040 1404; x_wconf 84' lang='lat' dir='ltr'>dividerent,</span> <span class='ocrx_word' id='word_1_135' title='bbox 1077 1338 1197 1389; x_wconf 89' lang='lat' dir='ltr'>simi</span> <span class='ocrx_word' id='word_1_136' title='bbox 1220 1339 1322 1388; x_wconf 89' lang='lat' dir='ltr'>iter</span> <span class='ocrx_word' id='word_1_137' title='bbox 1350 1337 1654 1406; x_wconf 76' lang='lat' dir='ltr'>adgreSSUS,</span> <span class='ocrx_word' id='word_1_138' title='bbox 1686 1355 1807 1390; x_wconf 91' lang='lat' dir='ltr'>cum</span> <span class='ocrx_word' id='word_1_139' title='bbox 1837 1338 1896 1389; x_wconf 92' lang='lat' dir='ltr'>in</span> 
     </span>
     <span class='ocr_line' id='line_1_18' title="bbox 223 1403 1892 1476; baseline -0.001 -17"><span class='ocrx_word' id='word_1_140' title='bbox 223 1407 423 1459; x_wconf 87' lang='lat' dir='ltr'>Scauro</span> <span class='ocrx_word' id='word_1_141' title='bbox 461 1408 607 1476; x_wconf 91' lang='lat' dir='ltr'>ipsos</span> <span class='ocrx_word' id='word_1_142' title='bbox 646 1406 875 1463; x_wconf 87' lang='lat' dir='ltr'>Romani</span> <span class='ocrx_word' id='word_1_143' title='bbox 924 1407 1135 1476; x_wconf 89' lang='lat' dir='ltr'>imperii</span> <span class='ocrx_word' id='word_1_144' title='bbox 1170 1424 1344 1459; x_wconf 91' lang='lat' dir='ltr'>mores</span> <span class='ocrx_word' id='word_1_145' title='bbox 1384 1403 1773 1475; x_wconf 82' lang='lat' dir='ltr'>expugnasset,</span> <span class='ocrx_word' id='word_1_146' title='bbox 1814 1407 1892 1457; x_wconf 93' lang='lat' dir='ltr'>in—</span> 
     </span>
     <span class='ocr_line' id='line_1_19' title="bbox 224 1474 1893 1544; baseline -0.001 -16"><span class='ocrx_word' id='word_1_147' title='bbox 224 1476 475 1529; x_wconf 90' lang='lat' dir='ltr'>choatum</span> <span class='ocrx_word' id='word_1_148' title='bbox 519 1474 672 1526; x_wconf 92' lang='lat' dir='ltr'>nefas</span> <span class='ocrx_word' id='word_1_149' title='bbox 717 1474 945 1544; x_wconf 87' lang='lat' dir='ltr'>perfecit</span> <span class='ocrx_word' id='word_1_150' title='bbox 992 1475 1234 1527; x_wconf 89' lang='lat' dir='ltr'>audacia.</span> <span class='ocrx_word' id='word_1_151' title='bbox 1293 1474 1390 1527; x_wconf 91' lang='lat' dir='ltr'>sed</span> <span class='ocrx_word' id='word_1_152' title='bbox 1434 1493 1544 1528; x_wconf 93' lang='lat' dir='ltr'>non</span> <span class='ocrx_word' id='word_1_153' title='bbox 1592 1475 1686 1527; x_wconf 92' lang='lat' dir='ltr'>diu</span> <span class='ocrx_word' id='word_1_154' title='bbox 1724 1475 1893 1526; x_wconf 90' lang='lat' dir='ltr'>latent</span> 
     </span>
     <span class='ocr_line' id='line_1_20' title="bbox 180 1543 1891 1614; baseline 0 -19"><span class='ocrx_word' id='word_1_155' title='bbox 180 1545 448 1598; x_wconf 87' lang='lat' dir='ltr'>6scelera.</span> <span class='ocrx_word' id='word_1_156' title='bbox 519 1551 799 1614; x_wconf 89' lang='lat' dir='ltr'>corruptae</span> <span class='ocrx_word' id='word_1_157' title='bbox 835 1544 987 1595; x_wconf 88' lang='lat' dir='ltr'>nefas</span> <span class='ocrx_word' id='word_1_158' title='bbox 1025 1543 1309 1613; x_wconf 87' lang='lat' dir='ltr'>legationis</span> <span class='ocrx_word' id='word_1_159' title='bbox 1347 1563 1442 1596; x_wconf 87' lang='lat' dir='ltr'>eru</span> <span class='ocrx_word' id='word_1_160' title='bbox 1480 1545 1545 1611; x_wconf 84' lang='lat' dir='ltr'>it,</span> <span class='ocrx_word' id='word_1_161' title='bbox 1583 1543 1786 1613; x_wconf 86' lang='lat' dir='ltr'>placuit</span> <span class='ocrx_word' id='word_1_162' title='bbox 1823 1562 1891 1596; x_wconf 91' lang='lat' dir='ltr'>ue</span> 
     </span>
     <span class='ocr_line' id='line_1_21' title="bbox 181 1563 1476 1684; baseline -0.003 -16"><span class='ocrx_word' id='word_1_163' title='bbox 181 1614 477 1684; x_wconf 90' lang='lat' dir='ltr'>7persequi</span> <span class='ocrx_word' id='word_1_164' title='bbox 513 1613 656 1665; x_wconf 89' lang='lat' dir='ltr'>bello</span> <span class='ocrx_word' id='word_1_165' title='bbox 690 1613 1030 1682; x_wconf 86' lang='lat' dir='ltr'>parricidam.</span> <span class='ocrx_word' id='word_1_166' title='bbox 1081 1615 1284 1683; x_wconf 91' lang='lat' dir='ltr'>primus</span> <span class='ocrx_word' id='word_1_167' title='bbox 1325 1614 1383 1665; x_wconf 94' lang='lat' dir='ltr'>in</span> <span class='ocrx_word' id='word_1_168' title='bbox 1417 1563 1476 1664; x_wconf 45' lang='lat'>1⁸?</span> 
     </span>
     <span class='ocr_line' id='line_1_22' title="bbox 222 1682 1907 1753; baseline 0.002 -20"><span class='ocrx_word' id='word_1_169' title='bbox 222 1685 445 1753; x_wconf 90' lang='lat' dir='ltr'>purnius</span> <span class='ocrx_word' id='word_1_170' title='bbox 478 1682 663 1734; x_wconf 84' lang='lat' dir='ltr'>Bestia</span> <span class='ocrx_word' id='word_1_171' title='bbox 693 1682 880 1735; x_wconf 90' lang='lat' dir='ltr'>consul</span> <span class='ocrx_word' id='word_1_172' title='bbox 909 1683 1220 1750; x_wconf 87' lang='lat' dir='ltr'>inmittitur;</span> <span class='ocrx_word' id='word_1_173' title='bbox 1253 1683 1349 1735; x_wconf 90' lang='lat' dir='ltr'>sed</span> <span class='ocrx_word' id='word_1_174' title='bbox 1366 1701 1480 1748; x_wconf 84' lang='lat' dir='ltr'>rex,</span> <span class='ocrx_word' id='word_1_175' title='bbox 1513 1689 1765 1751; x_wconf 85' lang='lat' dir='ltr'>expertus</span> <span class='ocrx_word' id='word_1_176' title='bbox 1786 1682 1907 1736; x_wconf 84' lang='lat' dir='ltr'>for-.</span> 
     </span>
     <span class='ocr_line' id='line_1_23' title="bbox 221 1751 1894 1822; baseline -0.001 -18"><span class='ocrx_word' id='word_1_177' title='bbox 221 1754 326 1804; x_wconf 87' lang='lat' dir='ltr'>tius</span> <span class='ocrx_word' id='word_1_178' title='bbox 347 1751 605 1803; x_wconf 86' lang='lat' dir='ltr'>adversus</span> <span class='ocrx_word' id='word_1_179' title='bbox 624 1752 893 1804; x_wconf 85' lang='lat' dir='ltr'>Romanos</span> <span class='ocrx_word' id='word_1_180' title='bbox 925 1768 1113 1802; x_wconf 84' lang='lat' dir='ltr'>aurum</span> <span class='ocrx_word' id='word_1_181' title='bbox 1143 1770 1260 1803; x_wconf 88' lang='lat' dir='ltr'>esse</span> <span class='ocrx_word' id='word_1_182' title='bbox 1291 1770 1452 1822; x_wconf 91' lang='lat' dir='ltr'>quam</span> <span class='ocrx_word' id='word_1_183' title='bbox 1467 1751 1685 1816; x_wconf 85' lang='lat' dir='ltr'>ferrum,</span> <span class='ocrx_word' id='word_1_184' title='bbox 1705 1769 1894 1820; x_wconf 87' lang='lat' dir='ltr'>pacem</span> 
     </span>
     <span class='ocr_line' id='line_1_24' title="bbox 179 1818 1892 1889; baseline -0.001 -16"><span class='ocrx_word' id='word_1_185' title='bbox 179 1827 206 1867; x_wconf 90' lang='lat'><em>8</em></span> <span class='ocrx_word' id='word_1_186' title='bbox 226 1823 369 1873; x_wconf 90' lang='lat' dir='ltr'>emit.</span> <span class='ocrx_word' id='word_1_187' title='bbox 416 1822 564 1872; x_wconf 92' lang='lat' dir='ltr'>cuius</span> <span class='ocrx_word' id='word_1_188' title='bbox 593 1820 788 1889; x_wconf 90' lang='lat' dir='ltr'>flagitii</span> <span class='ocrx_word' id='word_1_189' title='bbox 815 1838 939 1871; x_wconf 91' lang='lat' dir='ltr'>reus</span> <span class='ocrx_word' id='word_1_190' title='bbox 971 1837 1092 1871; x_wconf 90' lang='lat' dir='ltr'>cum</span> <span class='ocrx_word' id='word_1_191' title='bbox 1123 1821 1515 1873; x_wconf 86' lang='lat' dir='ltr'>interveniente</span> <span class='ocrx_word' id='word_1_192' title='bbox 1543 1818 1760 1889; x_wconf 90' lang='lat' dir='ltr'>publica</span> <span class='ocrx_word' id='word_1_193' title='bbox 1784 1819 1892 1872; x_wconf 86' lang='lat' dir='ltr'>fide</span> 
     </span>
     <span class='ocr_line' id='line_1_25' title="bbox 222 1890 1892 1958; baseline -0.001 -17"><span class='ocrx_word' id='word_1_194' title='bbox 222 1909 254 1941; x_wconf 91' lang='lat' dir='ltr'>a</span> <span class='ocrx_word' id='word_1_195' title='bbox 291 1896 479 1942; x_wconf 89' lang='lat' dir='ltr'>senatu</span> <span class='ocrx_word' id='word_1_196' title='bbox 515 1897 891 1954; x_wconf 88' lang='lat' dir='ltr'>arcesseretur,</span> <span class='ocrx_word' id='word_1_197' title='bbox 931 1891 1050 1958; x_wconf 86' lang='lat' dir='ltr'>pari</span> <span class='ocrx_word' id='word_1_198' title='bbox 1086 1890 1311 1941; x_wconf 89' lang='lat' dir='ltr'>audacia</span> <span class='ocrx_word' id='word_1_199' title='bbox 1349 1896 1400 1941; x_wconf 92' lang='lat' dir='ltr'>et</span> <span class='ocrx_word' id='word_1_200' title='bbox 1434 1891 1584 1942; x_wconf 86' lang='lat' dir='ltr'>venit</span> <span class='ocrx_word' id='word_1_201' title='bbox 1621 1896 1672 1942; x_wconf 89' lang='lat' dir='ltr'>et</span> <span class='ocrx_word' id='word_1_202' title='bbox 1702 1906 1892 1958; x_wconf 89' lang='lat' dir='ltr'>conpe-</span> 
     </span>
     <span class='ocr_line' id='line_1_26' title="bbox 220 1958 1951 2028; baseline -0.001 -18"><span class='ocrx_word' id='word_1_203' title='bbox 220 1961 435 2011; x_wconf 88' lang='lat' dir='ltr'>titorem</span> <span class='ocrx_word' id='word_1_204' title='bbox 470 1959 682 2027; x_wconf 90' lang='lat' dir='ltr'>imperii</span> <span class='ocrx_word' id='word_1_205' title='bbox 711 1958 1061 2009; x_wconf 87' lang='lat' dir='ltr'>Massinissae</span> <span class='ocrx_word' id='word_1_206' title='bbox 1091 1958 1385 2011; x_wconf 87' lang='lat' dir='ltr'>Massivam</span> <span class='ocrx_word' id='word_1_207' title='bbox 1422 1959 1643 2010; x_wconf 85' lang='lat' dir='ltr'>inmisso</span> <span class='ocrx_word' id='word_1_208' title='bbox 1672 1976 1890 2028; x_wconf 86' lang='lat' dir='ltr'>percus·</span> <span class='ocrx_word' id='word_1_209' title='bbox 1909 1969 1951 2001; x_wconf 84' lang='lat'>25</span> 
     </span>
     <span class='ocr_line' id='line_1_27' title="bbox 176 2026 1891 2096; baseline -0.001 -17"><span class='ocrx_word' id='word_1_210' title='bbox 176 2045 204 2085; x_wconf 82' lang='lat'>9</span> <span class='ocrx_word' id='word_1_211' title='bbox 224 2047 343 2080; x_wconf 89' lang='lat' dir='ltr'>sore</span> <span class='ocrx_word' id='word_1_212' title='bbox 373 2027 620 2080; x_wconf 86' lang='lat' dir='ltr'>confecit.</span> <span class='ocrx_word' id='word_1_213' title='bbox 661 2027 795 2079; x_wconf 90' lang='lat' dir='ltr'>haec</span> <span class='ocrx_word' id='word_1_214' title='bbox 824 2027 994 2079; x_wconf 90' lang='lat' dir='ltr'>altera</span> <span class='ocrx_word' id='word_1_215' title='bbox 1024 2035 1210 2079; x_wconf 92' lang='lat' dir='ltr'>contra</span> <span class='ocrx_word' id='word_1_216' title='bbox 1228 2046 1411 2096; x_wconf 88' lang='lat' dir='ltr'>regem</span> <span class='ocrx_word' id='word_1_217' title='bbox 1443 2045 1605 2079; x_wconf 89' lang='lat' dir='ltr'>causa</span> <span class='ocrx_word' id='word_1_218' title='bbox 1620 2026 1753 2078; x_wconf 85' lang='lat' dir='ltr'>belli</span> <span class='ocrx_word' id='word_1_219' title='bbox 1771 2026 1891 2078; x_wconf 88' lang='lat' dir='ltr'>fuit.</span> 
     </span>
     <span class='ocr_line' id='line_1_28' title="bbox 230 2096 1893 2166; baseline -0.001 -18"><span class='ocrx_word' id='word_1_220' title='bbox 230 2098 394 2165; x_wconf 87' lang='lat' dir='ltr'>igitur</span> <span class='ocrx_word' id='word_1_221' title='bbox 431 2115 658 2166; x_wconf 91' lang='lat' dir='ltr'>sequens</span> <span class='ocrx_word' id='word_1_222' title='bbox 697 2096 830 2149; x_wconf 90' lang='lat' dir='ltr'>ultio</span> <span class='ocrx_word' id='word_1_223' title='bbox 870 2097 1153 2149; x_wconf 79' lang='lat' dir='ltr'>mandatur</span> <span class='ocrx_word' id='word_1_224' title='bbox 1192 2097 1411 2148; x_wconf 89' lang='lat' dir='ltr'>Albino.</span> <span class='ocrx_word' id='word_1_225' title='bbox 1469 2103 1549 2147; x_wconf 89' lang='lat' dir='ltr'>set</span> <span class='ocrx_word' id='word_1_226' title='bbox 1576 2096 1733 2147; x_wconf 91' lang='lat' dir='ltr'>huius</span> <span class='ocrx_word' id='word_1_227' title='bbox 1766 2113 1893 2165; x_wconf 91' lang='lat' dir='ltr'>quo-</span> 
     </span>
     <span class='ocr_line' id='line_1_29' title="bbox 230 2166 1892 2236; baseline -0.001 -19"><span class='ocrx_word' id='word_1_228' title='bbox 230 2185 332 2236; x_wconf 92' lang='lat' dir='ltr'>que</span> <span class='ocrx_word' id='word_1_229' title='bbox 359 2198 430 2205; x_wconf 86' lang='lat'>—-</span> <span class='ocrx_word' id='word_1_230' title='bbox 464 2184 560 2235; x_wconf 88' lang='lat' dir='ltr'>pro</span> <span class='ocrx_word' id='word_1_231' title='bbox 599 2166 856 2218; x_wconf 84' lang='lat' dir='ltr'>dedecus!</span> <span class='ocrx_word' id='word_1_232' title='bbox 887 2197 958 2206; x_wconf 84' lang='lat'>—-</span> <span class='ocrx_word' id='word_1_233' title='bbox 993 2166 1160 2218; x_wconf 88' lang='lat' dir='ltr'>frater</span> <span class='ocrx_word' id='word_1_234' title='bbox 1196 2167 1271 2217; x_wconf 90' lang='lat' dir='ltr'>ita</span> <span class='ocrx_word' id='word_1_235' title='bbox 1308 2183 1464 2217; x_wconf 90' lang='lat' dir='ltr'>corru</span> <span class='ocrx_word' id='word_1_236' title='bbox 1503 2167 1543 2216; x_wconf 90' lang='lat' dir='ltr'>it</span> <span class='ocrx_word' id='word_1_237' title='bbox 1581 2166 1892 2230; x_wconf 81' lang='lat' dir='ltr'>exercitum,</span> 
     </span>
     <span class='ocr_line' id='line_1_30' title="bbox 227 2234 1894 2304; baseline -0.001 -18"><span class='ocrx_word' id='word_1_238' title='bbox 227 2242 287 2286; x_wconf 90' lang='lat' dir='ltr'>ut</span> <span class='ocrx_word' id='word_1_239' title='bbox 315 2235 618 2286; x_wconf 86' lang='lat' dir='ltr'>voluntaria</span> <span class='ocrx_word' id='word_1_240' title='bbox 653 2242 957 2288; x_wconf 89' lang='lat' dir='ltr'>nostrorum</span> <span class='ocrx_word' id='word_1_241' title='bbox 984 2235 1115 2304; x_wconf 89' lang='lat' dir='ltr'>fuga</span> <span class='ocrx_word' id='word_1_242' title='bbox 1151 2236 1391 2287; x_wconf 86' lang='lat' dir='ltr'>vinceret</span> <span class='ocrx_word' id='word_1_243' title='bbox 1474 2234 1656 2285; x_wconf 89' lang='lat' dir='ltr'>umida</span> <span class='ocrx_word' id='word_1_244' title='bbox 1681 2235 1894 2285; x_wconf 91' lang='lat' dir='ltr'>castris-</span> 
     </span>
     <span class='ocr_line' id='line_1_31' title="bbox 230 2304 1947 2373; baseline 0.001 -19"><span class='ocrx_word' id='word_1_245' title='bbox 230 2322 331 2373; x_wconf 92' lang='lat' dir='ltr'>que</span> <span class='ocrx_word' id='word_1_246' title='bbox 369 2311 664 2372; x_wconf 88' lang='lat' dir='ltr'>poteretur,</span> <span class='ocrx_word' id='word_1_247' title='bbox 713 2304 895 2372; x_wconf 88' lang='lat' dir='ltr'>addito</span> <span class='ocrx_word' id='word_1_248' title='bbox 937 2306 1099 2361; x_wconf 87' lang='lat' dir='ltr'>etiam</span> <span class='ocrx_word' id='word_1_249' title='bbox 1132 2305 1277 2373; x_wconf 88' lang='lat' dir='ltr'>turpi</span> <span class='ocrx_word' id='word_1_250' title='bbox 1313 2304 1531 2356; x_wconf 86' lang='lat' dir='ltr'>foedere</span> <span class='ocrx_word' id='word_1_251' title='bbox 1565 2304 1622 2355; x_wconf 90' lang='lat' dir='ltr'>in</span> <span class='ocrx_word' id='word_1_252' title='bbox 1656 2304 1888 2372; x_wconf 89' lang='lat' dir='ltr'>pretium</span> <span class='ocrx_word' id='word_1_253' title='bbox 1905 2321 1947 2355; x_wconf 87' lang='lat'>30</span> 
     </span>
     <span class='ocr_line' id='line_1_32' title="bbox 153 2371 1980 2443; baseline 0.001 -22"><span class='ocrx_word' id='word_1_254' title='bbox 153 2381 206 2422; x_wconf 86' lang='lat'>10</span> <span class='ocrx_word' id='word_1_255' title='bbox 223 2372 425 2439; x_wconf 81' lang='lat' dir='ltr'>salutiS,</span> <span class='ocrx_word' id='word_1_256' title='bbox 465 2391 568 2443; x_wconf 91' lang='lat' dir='ltr'>quo</span> <span class='ocrx_word' id='word_1_257' title='bbox 608 2391 738 2443; x_wconf 90' lang='lat' dir='ltr'>quos</span> <span class='ocrx_word' id='word_1_258' title='bbox 781 2380 980 2425; x_wconf 89' lang='lat' dir='ltr'>emerat</span> <span class='ocrx_word' id='word_1_259' title='bbox 1017 2373 1218 2425; x_wconf 90' lang='lat' dir='ltr'>dimisit</span> <span class='ocrx_word' id='word_1_260' title='bbox 1256 2374 1540 2425; x_wconf 79' lang='lat' dir='ltr'>exercitus.</span> <span class='ocrx_word' id='word_1_261' title='bbox 1591 2371 1810 2423; x_wconf 88' lang='lat' dir='ltr'>tandem</span> <span class='ocrx_word' id='word_1_262' title='bbox 1835 2373 1893 2422; x_wconf 90' lang='lat' dir='ltr'>in</span> <span class='ocrx_word' id='word_1_263' title='bbox 1974 2392 1980 2396; x_wconf 80' lang='grc'>’</span> 
     </span>
     <span class='ocr_line' id='line_1_33' title="bbox 218 2440 1892 2512; baseline -0.001 -20"><span class='ocrx_word' id='word_1_264' title='bbox 218 2440 479 2494; x_wconf 88' lang='lat' dir='ltr'>ultionem</span> <span class='ocrx_word' id='word_1_265' title='bbox 508 2460 618 2494; x_wconf 93' lang='lat' dir='ltr'>non</span> <span class='ocrx_word' id='word_1_266' title='bbox 657 2450 766 2494; x_wconf 89' lang='lat' dir='ltr'>tam</span> <span class='ocrx_word' id='word_1_267' title='bbox 802 2443 1015 2511; x_wconf 88' lang='lat' dir='ltr'>imperii</span> <span class='ocrx_word' id='word_1_268' title='bbox 1054 2443 1284 2495; x_wconf 87' lang='lat' dir='ltr'>Romani</span> <span class='ocrx_word' id='word_1_269' title='bbox 1327 2460 1486 2512; x_wconf 90' lang='lat' dir='ltr'>quam</span> <span class='ocrx_word' id='word_1_270' title='bbox 1521 2441 1741 2510; x_wconf 90' lang='lat' dir='ltr'>pudoris</span> <span class='ocrx_word' id='word_1_271' title='bbox 1779 2440 1892 2492; x_wconf 87' lang='lat' dir='ltr'>Me·</span> 
     </span>
     <span class='ocr_line' id='line_1_34' title="bbox 217 2509 1889 2580; baseline -0.001 -19"><span class='ocrx_word' id='word_1_272' title='bbox 217 2510 376 2562; x_wconf 88' lang='lat' dir='ltr'>tellus</span> <span class='ocrx_word' id='word_1_273' title='bbox 405 2511 663 2580; x_wconf 88' lang='lat' dir='ltr'>adsurgit,</span> <span class='ocrx_word' id='word_1_274' title='bbox 706 2514 796 2580; x_wconf 92' lang='lat' dir='ltr'>qui</span> <span class='ocrx_word' id='word_1_275' title='bbox 833 2511 1178 2563; x_wconf 88' lang='lat' dir='ltr'>callidissime</span> <span class='ocrx_word' id='word_1_276' title='bbox 1216 2512 1424 2564; x_wconf 88' lang='lat' dir='ltr'>hostem</span> <span class='ocrx_word' id='word_1_277' title='bbox 1460 2528 1603 2562; x_wconf 90' lang='lat' dir='ltr'>nunc</span> <span class='ocrx_word' id='word_1_278' title='bbox 1637 2509 1889 2579; x_wconf 90' lang='lat' dir='ltr'>precibus</span> 
     </span>
     <span class='ocr_line' id='line_1_35' title="bbox 218 2579 1889 2649; baseline -0.001 -19"><span class='ocrx_word' id='word_1_279' title='bbox 218 2598 361 2631; x_wconf 90' lang='lat' dir='ltr'>nunc</span> <span class='ocrx_word' id='word_1_280' title='bbox 389 2581 563 2646; x_wconf 88' lang='lat' dir='ltr'>minis,</span> <span class='ocrx_word' id='word_1_281' title='bbox 603 2582 711 2632; x_wconf 90' lang='lat' dir='ltr'>iam</span> <span class='ocrx_word' id='word_1_282' title='bbox 742 2581 989 2632; x_wconf 88' lang='lat' dir='ltr'>simulata</span> <span class='ocrx_word' id='word_1_283' title='bbox 1018 2583 1125 2632; x_wconf 89' lang='lat' dir='ltr'>iam</span> <span class='ocrx_word' id='word_1_284' title='bbox 1157 2599 1288 2632; x_wconf 84' lang='lat' dir='ltr'>vera</span> <span class='ocrx_word' id='word_1_285' title='bbox 1312 2580 1443 2649; x_wconf 87' lang='lat' dir='ltr'>fuga</span> <span class='ocrx_word' id='word_1_286' title='bbox 1473 2579 1778 2632; x_wconf 90' lang='lat' dir='ltr'>eludentem</span> <span class='ocrx_word' id='word_1_287' title='bbox 1808 2597 1889 2629; x_wconf 89' lang='lat' dir='ltr'>ar-</span> 
     </span>
     <span class='ocr_line' id='line_1_36' title="bbox 153 2648 1944 2730; baseline 0 -31"><span class='ocrx_word' id='word_1_288' title='bbox 153 2648 364 2700; x_wconf 88' lang='lat' dir='ltr'>lltibus</span> <span class='ocrx_word' id='word_1_289' title='bbox 402 2651 510 2700; x_wconf 90' lang='lat' dir='ltr'>suis</span> <span class='ocrx_word' id='word_1_290' title='bbox 554 2649 843 2718; x_wconf 87' lang='lat' dir='ltr'>adgressus</span> <span class='ocrx_word' id='word_1_291' title='bbox 881 2658 976 2701; x_wconf 80' lang='lat' dir='ltr'>e&#39;st.</span> <span class='ocrx_word' id='word_1_292' title='bbox 1031 2668 1283 2719; x_wconf 87' lang='lat' dir='ltr'>agrorum</span> <span class='ocrx_word' id='word_1_293' title='bbox 1325 2658 1484 2730; x_wconf 90' lang='lat' dir='ltr'>atque</span> <span class='ocrx_word' id='word_1_294' title='bbox 1517 2649 1760 2700; x_wconf 89' lang='lat' dir='ltr'>vicorum</span> <span class='ocrx_word' id='word_1_295' title='bbox 1794 2665 1885 2716; x_wconf 87' lang='lat' dir='ltr'>po·</span> <span class='ocrx_word' id='word_1_296' title='bbox 1903 2655 1944 2689; x_wconf 86' lang='lat'>35</span> 
     </span>
     <span class='ocr_line' id='line_1_37' title="bbox 216 2717 1886 2788; baseline 0.001 -21"><span class='ocrx_word' id='word_1_297' title='bbox 216 2717 488 2787; x_wconf 87' lang='lat' dir='ltr'>pulatione</span> <span class='ocrx_word' id='word_1_298' title='bbox 523 2736 622 2769; x_wconf 90' lang='lat' dir='ltr'>nec</span> <span class='ocrx_word' id='word_1_299' title='bbox 651 2725 928 2771; x_wconf 87' lang='lat' dir='ltr'>contentus</span> <span class='ocrx_word' id='word_1_300' title='bbox 966 2721 1023 2770; x_wconf 88' lang='lat' dir='ltr'>in</span> <span class='ocrx_word' id='word_1_301' title='bbox 1052 2721 1169 2788; x_wconf 90' lang='lat' dir='ltr'>ipsa</span> <span class='ocrx_word' id='word_1_302' title='bbox 1200 2718 1487 2770; x_wconf 79' lang='lat' dir='ltr'>Numidiae</span> <span class='ocrx_word' id='word_1_303' title='bbox 1516 2718 1692 2786; x_wconf 90' lang='lat' dir='ltr'>capita</span> <span class='ocrx_word' id='word_1_304' title='bbox 1722 2719 1886 2785; x_wconf 87' lang='lat' dir='ltr'>impe-</span> 
     </span>
     <span class='ocr_line' id='line_1_38' title="bbox 215 2787 1885 2857; baseline 0.001 -22"><span class='ocrx_word' id='word_1_305' title='bbox 215 2793 330 2836; x_wconf 91' lang='lat' dir='ltr'>tum</span> <span class='ocrx_word' id='word_1_306' title='bbox 369 2787 523 2854; x_wconf 81' lang='lat' dir='ltr'>fecit3</span> <span class='ocrx_word' id='word_1_307' title='bbox 564 2795 616 2838; x_wconf 88' lang='lat' dir='ltr'>et</span> <span class='ocrx_word' id='word_1_308' title='bbox 653 2788 878 2839; x_wconf 87' lang='lat' dir='ltr'>Zamam</span> <span class='ocrx_word' id='word_1_309' title='bbox 915 2788 1129 2857; x_wconf 86' lang='lat' dir='ltr'>quidem</span> <span class='ocrx_word' id='word_1_310' title='bbox 1165 2789 1368 2840; x_wconf 90' lang='lat' dir='ltr'>frustra</span> <span class='ocrx_word' id='word_1_311' title='bbox 1403 2787 1597 2851; x_wconf 80' lang='lat' dir='ltr'>adivit,</span> <span class='ocrx_word' id='word_1_312' title='bbox 1647 2793 1885 2837; x_wconf 89' lang='lat' dir='ltr'>ceterum</span> 
     </span>
     <span class='ocr_line' id='line_1_39' title="bbox 217 2854 1883 2926; baseline 0 -22"><span class='ocrx_word' id='word_1_313' title='bbox 217 2854 466 2922; x_wconf 86' lang='lat' dir='ltr'>Thalam,</span> <span class='ocrx_word' id='word_1_314' title='bbox 506 2874 728 2925; x_wconf 88' lang='lat' dir='ltr'>gravem</span> <span class='ocrx_word' id='word_1_315' title='bbox 770 2858 930 2908; x_wconf 89' lang='lat' dir='ltr'>armis</span> <span class='ocrx_word' id='word_1_316' title='bbox 966 2857 1376 2926; x_wconf 88' lang='lat' dir='ltr'>thensaurisque</span> <span class='ocrx_word' id='word_1_317' title='bbox 1415 2856 1605 2924; x_wconf 77' lang='lat' dir='ltr'>regiiS,</span> <span class='ocrx_word' id='word_1_318' title='bbox 1646 2854 1883 2924; x_wconf 88' lang='lat' dir='ltr'>diripuit.</span> 
     </span>
    </p>
   </div>
   <div class='ocr_carea' id='block_1_3' title="bbox 1470 1613 2020 1665">
    <p class='ocr_par' dir='ltr' id='par_1_3' title="bbox 1470 1613 2020 1665">
     <span class='ocr_line' id='line_1_40' title="bbox 1470 1613 2020 1665; baseline -0.004 0"><span class='ocrx_word' id='word_1_319' title='bbox 1470 1613 1728 1665; x_wconf 90' lang='lat' dir='ltr'>umidiam</span> <span class='ocrx_word' id='word_1_320' title='bbox 1815 1613 1888 1664; x_wconf 91' lang='lat' dir='ltr'>al·</span> <span class='ocrx_word' id='word_1_321' title='bbox 1909 1619 1952 1651; x_wconf 80' lang='lat'>²0</span> <span class='ocrx_word' id='word_1_322' title='bbox 2019 1660 2020 1663; x_wconf 75' lang='grc'>,</span> 
     </span>
    </p>
   </div>
  </div>
 </body>
</html>
