2020 3168
294 161 356 212 18
889 175 1063 214 FLORI
1083 175 1358 214 EPITOMA.

290 316 376 350 ses
405 298 609 364 vident,
647 306 807 368 atque
840 298 1047 351 hostem
1075 299 1180 349 rati
1212 299 1457 366 emicant,
1495 300 1612 351 sine
1643 300 1957 354 discrimine

247 388 275 429 5
289 366 565 420 insultant.
611 365 702 436 qui
721 367 863 417 enim
886 375 978 418 aut
995 367 1139 418 unde
1160 367 1428 419 Romani?
1453 385 1554 419 nec
1578 371 1727 421 satis,
1766 369 1955 422 aderat

291 439 405 488 sine
422 452 573 488 mora
601 434 894 505 querellam
922 436 1102 487 ferens
1128 435 1345 503 legatio.
1394 435 1534 487 hanc
1562 434 1772 507 quoque
1793 438 1952 491 foede

326 523 383 557 er
401 504 689 557 obscenam
711 510 1030 574 turpemque
1061 504 1208 556 dictu
1234 504 1612 557 contumeliam
1633 506 1866 574 violant3
1900 515 1954 559 et

244 584 273 627 6
287 524 414 625 Eine
432 572 651 624 bellum.
666 616 668 618 ,
698 572 794 624 sed
819 579 1108 642 apparatus
1126 572 1419 641 horribilis,
1447 591 1568 626 cum
1585 580 1664 626 tot
1686 575 1844 626 simul
1860 591 1953 645 po·—
1970 590 1992 632 ε

284 641 399 713 puli
458 659 517 694 ro
545 640 852 693 Tarentinis
878 649 1264 710 consurgerent
1291 642 1645 713 omnibusque
1667 643 1952 696 vehemen-

285 713 390 764 tior
416 659 676 780 EyrrhuS,
717 711 810 781 qui
842 711 1226 779 semigraecam
1256 730 1327 764 ex
1352 708 1797 765 Lacedaemoniis
1829 730 1953 766 con·-

288 779 549 833 ditoribus
575 780 849 831 civitatem
871 780 1241 832 vindicaturus
1261 798 1382 833 cum
1404 782 1533 834 toti‘s
1551 780 1760 833 viribus
1779 781 1951 851 Epiri,

223 883 233 888 -
287 848 617 914 Thessaliae,
642 847 992 902 Macedoniae
1019 849 1414 920 incognitisque
1443 852 1501 901 in
1530 849 1589 902 id
1611 857 1821 920 tempus
1847 850 1952 903 ele·

284 919 500 988 phantis
527 919 664 968 mari
687 924 848 984 terra,
881 918 1015 970 viris
1043 919 1194 988 equis
1214 921 1393 985 armiS,
1415 919 1598 972 addito
1621 920 1842 989 insuper
1873 919 1950 971 fe·
1967 942 2011 978 to

153 1023 162 1030 -
242 1004 269 1044 7
284 1005 466 1039 rarum
505 993 710 1039 terrore
750 986 1019 1038 veniebat.
1069 994 1213 1056 aput
1256 987 1579 1050 Heracleam
1626 988 1953 1058 Campaniae

282 1057 611 1125 fluviumque
638 1055 812 1106 Lirim
838 1055 1081 1107 Laevino
1113 1055 1333 1107 consule
1365 1058 1541 1125 prima
1574 1074 1782 1125 pugna,
1850 1075 1953 1110 uae

283 1134 393 1176 tam
421 1131 579 1176 atrox
602 1123 706 1175 fuit
738 1131 799 1175 ut
826 1123 1197 1175 Ferentaneae
1225 1131 1433 1176 turmae
1466 1124 1771 1194 praefectus
1794 1125 1842 1179 O
1885 1127 1953 1178 si-

286 1195 420 1261 dius,
441 1194 687 1244 invectus
707 1193 765 1244 in
783 1210 983 1261 regem,
1013 1191 1314 1244 turbaverit
1338 1195 1680 1264 coegeritque
1735 1195 1952 1248 roiectis

241 1270 269 1312 8
284 1261 589 1331 insignibus
609 1260 813 1331 proelio
835 1261 1116 1314 excedere.
1174 1269 1353 1313 actum
1371 1269 1500 1328 erat,
1531 1264 1638 1314 nisi
1662 1281 1690 1315 e
1715 1263 1948 1333 ephanti‚
1967 1285 2012 1321 ιε

283 1349 543 1386 converso
564 1332 622 1382 in
643 1349 666 1382 s
709 1331 1007 1383 ectaculum
1024 1330 1186 1396 bello,
1217 1333 1695 1400 procucurrissent,
1727 1350 1952 1413 quorum

283 1419 403 1453 cum
420 1401 664 1468 magnitu
702 1401 791 1451 ine
809 1408 922 1452 tum
943 1399 1281 1452 deformitate
1302 1408 1354 1451 et
1372 1418 1513 1453 novo
1534 1401 1697 1453 odore
1719 1401 1954 1454 simulac

284 1470 513 1522 stridore
539 1470 866 1522 consternati
885 1471 1022 1539 equi,
1044 1486 1165 1520 cum
1183 1470 1484 1538 incognitas
1512 1469 1616 1521 sibi
1634 1469 1824 1522 beluas
1845 1488 1953 1523 am-

280 1539 421 1609 plius
454 1555 614 1608 quam
641 1546 793 1590 erant
818 1539 1231 1607 suspicarentur,
1271 1537 1458 1607 fugam
1483 1546 1594 1590 stra
1636 1557 1719 1591 em
1756 1558 1825 1591 ue
1844 1539 1953 1592 late

238 1619 266 1660 9
283 1608 561 1660 dederunt.
591 1608 648 1658 in
666 1607 715 1658 A
754 1607 865 1659 ulia
885 1607 1080 1661 deinde
1103 1615 1232 1676 aput
1248 1607 1509 1659 Asculum
1526 1626 1610 1659 me
1633 1610 1716 1660 ius
1774 1610 1952 1661 imica-
1966 1626 2020 1661 ποι

281 1685 395 1728 tum
416 1684 496 1728 est
520 1676 682 1729 Curio
752 1676 1059 1746 abricioque
1079 1675 1403 1730 consulibus.
1439 1678 1547 1728 iam
1567 1678 1761 1747 quippe
1780 1686 1954 1730 terror

282 1746 561 1798 beluarum
584 1745 910 1812 exoleverat,
934 1753 986 1797 et
999 1745 1167 1797 Gaius
1180 1745 1460 1797 Numicius
1482 1753 1702 1815 quartae
1722 1746 1953 1816 legionis

282 1815 525 1866 hastatus
551 1816 711 1866 unius
731 1813 1051 1884 proboscide
1077 1813 1292 1866 abscisa
1318 1816 1455 1867 mori
1471 1832 1631 1884 posse
1655 1815 1843 1867 beluas
1870 1835 1952 1869 os·
2019 1821 2020 1827 ’

215 1889 268 1931 10
282 1884 544 1935 tenderat.
591 1884 772 1954 itaque
791 1885 846 1935 in
867 1885 885 1934 i
927 1901 1013 1934 sas
1034 1882 1146 1951 pila
1170 1884 1426 1952 congesta
1447 1891 1585 1950 sunt,
1616 1892 1669 1936 et
1692 1886 1750 1936 in
1775 1892 1950 1937 turres

282 1953 525 2005 vibratae
567 1952 714 2004 faces
749 1960 863 2005 tota
939 1954 1132 2004 ostium
1168 1954 1385 2022 agmina
1425 1953 1737 2005 ardentibus
1776 1955 1947 2006 ruinis
1963 1972 2007 2006 25

284 2029 621 2091 operuerunt,
642 2039 742 2073 nec
759 2023 908 2091 prius
931 2020 1073 2072 cladi
1091 2021 1213 2074 finis
1234 2021 1336 2074 fuit
1357 2040 1516 2092 quam
1535 2040 1647 2075 nox
1659 2023 1948 2090 dirimeret,

282 2098 691 2160 postremusque
723 2090 1047 2159 fugientium
1075 2108 1175 2142 rex
1207 2092 1225 2141 i
1267 2109 1323 2142 se
1350 2108 1378 2141 a
1417 2090 1739 2144 satellitibus
1766 2109 1949 2145 umero

212 2159 264 2200 11
285 2162 496 2212 saucius
510 2160 566 2212 in
579 2160 741 2211 armis
757 2161 865 2211 suis
880 2159 1189 2211 referretur.
1263 2161 1487 2212 ucaniae
1510 2178 1757 2230 suprema
1767 2179 1951 2230 pugna

282 2229 384 2280 fuit
402 2230 654 2280 Arusinis
676 2248 808 2299 quos
827 2236 1023 2281 vocant
1044 2230 1261 2298 campiS,
1296 2229 1520 2281 ducibus
1547 2229 1720 2281 isdem
1788 2230 1948 2283 uibus

284 2299 554 2367 superius3
598 2297 693 2349 sed
720 2306 833 2349 tum
863 2306 976 2351 tota
1006 2299 1247 2350 victoria.
1314 2300 1539 2365 exitum,
1572 2317 1729 2368 quem
1794 2307 1999 2352 aturaffl

212 2373 267 2412 12
283 2368 456 2418 virtus
476 2366 593 2433 fuit,
626 2384 780 2418 casus
803 2367 966 2419 dedit.
1013 2385 1137 2418 nam
1155 2367 1424 2436 provectis
1454 2369 1511 2419 in
1567 2370 1758 2419 rimam
1778 2370 1949 2420 aciem

280 2453 466 2487 rursus
498 2435 821 2505 elephantis,
864 2455 1030 2487 unum
1060 2454 1129 2488 ex
1160 2437 1236 2488 eis
1264 2436 1470 2505 pullum
1498 2386 1675 2489 afiacti
1700 2438 1757 2488 in
1789 2444 1949 2507 caput

279 2504 375 2556 teli
394 2506 578 2572 gravis
600 2507 736 2556 ictus
757 2506 977 2572 avertit3
997 2507 1228 2576 quicum
1251 2523 1348 2574 per
1368 2513 1602 2575 stragem
1629 2523 1844 2558 suorum
1867 2524 1947 2557 re-

282 2591 501 2625 currens
525 2574 751 2626 stridore
773 2584 1098 2644 quereretur,
1128 2582 1298 2626 mater
1328 2576 1550 2643 agnovit
1576 2581 1627 2625 et
1652 2576 1805 2644 quasi
1830 2576 1948 2626 vin-

285 2643 488 2710 dicaret
508 2642 710 2709 exiluit,
731 2650 845 2694 tum
863 2644 1040 2695 omnia
1060 2644 1202 2695 circa
1222 2645 1375 2714 quasi
1394 2643 1608 2696 hostilia
1630 2645 1787 2712 gravi
1804 2643 1944 2696 mole
1961 2656 1992 2691 3⁵

209 2708 269 2748 13
284 2712 610 2781 permiscuit.
652 2729 714 2762 ac
737 2713 814 2764 sic
836 2712 1053 2763 eaedem
1076 2712 1239 2779 ferae,
1262 2730 1397 2782 quae
1419 2714 1646 2781 primam
1664 2713 1947 2765 victoriam

285 2779 636 2845 abstulerunt,
663 2780 950 2832 secundam
972 2798 1156 2849 parem
1175 2781 1433 2847 fecerunt,
1455 2782 1665 2832 tertiam
1687 2782 1801 2832 sinc
1822 2798 1946 2834 con—

280 2849 544 2901 troversia
555 2849 908 2901 tradiderunt.
935 2867 1037 2901 nec
1054 2868 1183 2903 vero
1202 2857 1408 2902 tantum
1428 2850 1588 2901 armis
1612 2851 1730 2901 etin
1743 2868 1947 2919 camp0,
