2020 3168
99 238 159 275 V1
199 293 203 297 .
844 235 1191 274 PRAEFATIO.

99 356 160 401 lia
181 356 336 414 opima
357 368 400 399 a.
422 369 468 399 u.
489 357 619 425 317.,
642 367 747 399 cum
767 354 973 399 tribunus
994 355 1089 399 mil.
1112 355 1157 399 in
1178 355 1361 413 legione
1381 352 1524 401 esset.
1572 354 1668 402 Sed
1699 358 1800 404 sive
1821 364 1915 417 tum

100 427 202 470 sive
224 425 445 482 magister
464 413 669 482 eqiiitum
697 424 798 470 sive
827 424 991 467 consul
1011 436 1067 467 ea
1086 425 1237 468 retulit
1257 423 1461 482 Cossus,
1484 426 1646 470 Florus
1667 440 1759 471 non
1790 419 1916 474 caret

95 494 475 552 reprehensione,
489 494 565 551 qui
578 494 756 537 turbata
767 492 946 537 ratione
957 493 1177 549 temporis
1191 493 1439 538 narrationi
1453 493 1510 537 de
1523 494 1766 548 obsidione
1777 494 1917 542 Veio-

96 577 200 608 rum
218 564 499 622 interponat,
528 561 653 620 quod
681 561 920 605 minimum
936 559 1024 605 XX
1051 562 1183 607 annis
1205 567 1308 606 ante
1330 576 1430 606 eam
1453 563 1712 608 Inchoatam
1735 571 1916 624 gestum
1970 590 1972 592 ·

98 633 286 678 suerat?
334 631 514 687 Quodsi
546 632 710 676 Florus
735 634 863 676 tanto
896 643 1038 688 opere
1072 632 1269 687 erravit,
1297 632 1444 691 potuit
1469 633 1596 677 illum
1627 624 1808 692 quoque
1845 649 1941 686 er<

96 715 248 747 rorem
270 702 315 744 in
348 715 398 746 se
434 699 699 758 admittere,
735 705 784 745 ut
812 700 1002 744 militem
1027 700 1254 745 iurantem
1281 703 1452 746 faceret
1473 716 1523 747 se
1554 703 1705 759 spolia
1725 704 1782 749 de
1803 718 1927 763 rege*

94 773 344 816 relaturum
368 782 491 815 esse.
509 796 577 802 —
604 773 674 824 13,
697 772 751 818 17
771 769 1203 829 adpropinquabant
1219 771 1280 816 IN
1296 783 1306 816 :
1329 827 1331 830 y
1339 771 1716 832 propinquabant
1732 773 1826 819 ΒΟ.
1845 798 1916 806 -

97 844 170 898 13,
193 844 249 888 35
275 841 486 897 templum
511 839 570 884 BI
591 840 778 896 (saltem
802 840 931 897 lep):
969 841 1179 898 templum
1198 841 1293 886 eius
1317 840 1412 887 ΝΟ.
1457 866 1528 873 —-
1571 845 1640 897 14,
1662 843 1691 888 4
1719 843 1920 888 adlocuti

94 911 307 968 Lipsius:
337 911 533 970 alioquin
564 908 703 953 codd.
726 914 770 952 et
790 908 844 954 Ο.
864 931 935 940 --
972 914 1041 964 15,
1061 915 1086 954 5
1115 907 1375 955 Romanam
1397 911 1553 956 urbem
1576 910 1700 955 BIN:
1721 911 1916 957 Romam

95 980 253 1025 urbem
275 978 326 1024 O.
391 977 484 1024 Sic*
507 978 613 1023 item
646 992 695 1036 p.
729 980 809 1034 73,
830 981 888 1024 20
919 992 976 1023 ex
1003 978 1080 1023 BN
1120 979 1297 1024 restitui
1319 980 1376 1024 de
1403 981 1662 1026 invadenda
1686 981 1799 1026 urbe
1817 981 1913 1027 Ro-

95 1063 258 1101 mana,
290 1062 393 1092 curn
414 1049 561 1092 rarior
592 1049 762 1092 locutio
792 1049 863 1103 (v.
893 1048 1157 1105 Ampelium
1180 1063 1203 1093 e
1240 1054 1298 1096 20
1321 1051 1386 1093 in⁴
1412 1050 1523 1095 urbe
1546 1045 1784 1107 Romana)
1835 1066 1918 1109 po-

22 1116 33 1127 '
96 1119 185 1164 tius
207 1118 409 1162 notanda
430 1131 568 1176 quam
587 1115 867 1176 corrigenda
887 1117 958 1161 sit.
994 1115 1189 1174 Scripsit
1209 1123 1363 1162 tamen
1382 1111 1546 1163 Florus
1567 1134 1613 1176 p.
1629 1123 1741 1174 54,9
1760 1119 1918 1165 urbem

97 1188 317 1244 Romam,
348 1193 396 1231 ut
425 1187 583 1245 optimi
612 1186 863 1244 scriptores
886 1186 1041 1230 dicere
1063 1188 1227 1231 solent.
1248 1211 1318 1219 —
1339 1191 1392 1234 15
1407 1223 1417 1241 ,
1440 1192 1495 1235 14
1517 1188 1626 1246 plus
1651 1189 1813 1243 esse-in
1831 1191 1915 1234 im-

92 1260 222 1315 perio
242 1258 303 1301 B:
331 1258 441 1315 plus
467 1258 516 1301 in
546 1258 735 1315 imperio
761 1268 859 1300 esse
886 1255 984 1301 ΝΟ.
1026 1280 1096 1286 —
1138 1259 1214 1313 16,
1236 1263 1262 1303 5
1295 1258 1432 1301 amici
1447 1256 1551 1302 BO:
1584 1258 1916 1304 amictiNfort.

100 1333 221 1371 recte
256 1352 312 1358 —
341 1331 419 1383 16,
443 1330 497 1373 12
516 1331 730 1371 ornatam
757 1326 805 1370 Ib
828 1330 872 1369 et
890 1325 1134 1370 Heinsius:
1170 1332 1397 1371 armatam
1426 1327 1522 1371 BN.
1573 1352 1641 1358 —-
1690 1329 1771 1383 17,
1798 1334 1824 1376 1
1851 1330 1916 1373 sic

97 1402 245 1440 tamen
275 1407 450 1455 quoque
473 1395 554 1439 Bl:
607 1401 755 1440 tamen
772 1397 839 1440 sic
855 1406 1029 1454 quoque
1049 1396 1089 1439 N
1104 1430 1115 1451 ,
1140 1397 1205 1440 sic
1223 1408 1397 1455 quoque
1417 1395 1451 1441 Ο
1467 1431 1478 1450 ,
1511 1401 1558 1440 ut
1578 1402 1648 1441 est
1676 1411 1723 1454 p.
1748 1401 1820 1454 25,
1841 1399 1916 1446 37.

98 1470 168 1520 91,
191 1469 264 1512 35.
291 1469 361 1520 96,
385 1469 454 1512 16.
501 1462 612 1510 Cum
639 1471 792 1510 tamen
820 1464 985 1508 eadem
1006 1465 1176 1509 locutio
1199 1466 1335 1509 etiam
1355 1480 1403 1523 p.
1426 1469 1524 1524 104,
1545 1467 1572 1514 9
1598 1466 1727 1511 libris
1749 1466 1917 1512 tradita

97 1537 169 1589 sit,
191 1535 404 1593 religioni
425 1535 506 1578 fuit
521 1537 577 1579 ab
600 1548 757 1579 eorum
783 1534 1050 1578 auctoritate
1070 1534 1138 1578 bis
1165 1534 1414 1579 decedere.
1469 1534 1566 1578 Nee
1587 1535 1824 1580 dissimilis
1847 1543 1918 1581 est

97 1606 175 1649 illa
206 1604 488 1649 abundantia
519 1618 566 1661 p.
585 1608 669 1659 26,
699 1607 781 1651 13:
810 1608 855 1647 et
881 1607 1073 1648 tamen
1108 1617 1210 1649 cum
1240 1603 1448 1649 Punicae
1470 1605 1684 1661 praedae
1711 1605 1916 1651 omnibus

85 1675 426 1733 promunturiis
448 1674 695 1733 insulisque
714 1674 967 1731 fluitarent,
991 1674 1189 1730 populus
1214 1673 1451 1719 Romanus
1479 1679 1533 1718 et
1555 1675 1605 1718 si
1613 1686 1638 1718 e
1661 1674 1914 1732 triumpha-

94 1746 167 1790 vit.
197 1768 266 1775 —
296 1745 350 1790 17
366 1778 375 1796 ,
406 1748 463 1790 20
487 1744 830 1801 sollemnemque
857 1742 1065 1802 familiae
1086 1755 1198 1788 suae
1223 1745 1607 1788 consecrationem
1631 1766 1701 1774 —
1719 1768 1789 1776 —
1802 1756 1913 1801 per-

95 1815 181 1872 egit
213 1813 274 1856 B:
318 1812 664 1871 sollemnemque
695 1812 815 1871 fam.
848 1824 962 1856 suae
997 1815 1379 1858 consecrationem
1413 1838 1473 1844 ——-
1511 1837 1582 1846 —-
1609 1813 1783 1871 redeqit
1813 1812 1912 1859 ΝΟ.

96 1884 249 1927 Lectio
273 1881 448 1927 codicis
469 1882 505 1926 B
538 1882 648 1927 mihi
671 1881 857 1939 quidem
878 1872 1076 1940 insignis
1109 1883 1324 1941 vulgatae
1347 1882 1608 1927 emendatio
1629 1882 1829 1927 videtur.
1847 1908 1915 1914 —
1939 1926 1942 1929 .

97 1954 165 2007 17,
187 1957 243 1999 26
264 1964 363 1996 cum
381 1954 435 1996 iis
462 1951 496 1995 B
517 1966 586 2010 pr.
607 1962 695 1997 m.:
726 1964 826 1997 cum
849 1951 920 1997 his
940 1952 976 1996 B
998 1965 1115 1997 corr.
1139 1957 1182 1995 et
1203 1952 1237 1996 Ο
1253 1987 1264 2007 ,
1299 1965 1401 1996 cum
1427 1952 1522 1996 istis
1550 1952 1605 1996 N.
1678 1952 1806 1995 Latet
1826 1953 1916 1995 for-

95 2036 171 2066 ma
198 2024 252 2066 iis
282 2022 418 2065 etiam
449 2022 495 2065 in
517 2021 687 2065 mendo
714 2022 862 2076 curis,
889 2021 1013 2079 quod
1033 2026 1103 2065 est
1135 2022 1179 2065 in
1212 2022 1277 2079 Ip.
1295 2045 1366 2053 —-
1413 2024 1481 2078 17,
1500 2025 1556 2066 32
1585 2021 1804 2065 mirabilis
1827 2023 1916 2065 situ

99 2091 205 2136 No:
260 2090 458 2135 mirabili
474 2093 561 2134 situ
581 2091 616 2134 B
639 2092 741 2134 sort.
765 2094 951 2134 rectius.
990 2114 1061 2122 —
1096 2094 1164 2146 18,
1189 2095 1242 2137 13
1274 2091 1590 2135 Ferentaneae
1613 2096 1789 2135 turmae
1807 2089 1912 2134 BN:

95 2161 386 2205 Ferentanae
405 2166 583 2205 turmae
611 2160 665 2205 Ο.
688 2185 755 2190 -
786 2163 855 2214 18,
875 2163 933 2207 28
947 2164 1106 2220 puqna
1127 2158 1220 2218 fuit
1244 2161 1454 2205 Arusinis
1474 2173 1585 2218 quos
1602 2165 1764 2206 vocant
1789 2172 1914 2203 cam—

88 2232 165 2288 pis
178 2230 510 2275 Mommsenius
526 2242 535 2274 :
550 2243 712 2289 puyna
735 2230 1020 2289 sybarusinis
1043 2230 1335 2285 (subharosin
1360 2229 1429 2273 his
1448 2230 1489 2283 I)
1513 2244 1556 2289 q.
1583 2245 1622 2275 v.
1649 2230 1821 2287 campis
1841 2228 1914 2282 BI,

89 2314 249 2359 puqna
269 2300 350 2344 sub
370 2301 582 2344 Arusinis
607 2315 650 2359 q.
669 2315 710 2345 v.
731 2301 906 2357 campis
948 2299 1045 2345 ΝΟ.
1115 2298 1179 2344 Cf.
1202 2300 1348 2343 Iahnii
1380 2300 1522 2356 praes.
1548 2313 1593 2357 p.
1617 2299 1766 2342 XXXI
1798 2303 1841 2342 et
1867 2311 1914 2341 v.

96 2370 301 2414 Frontini
325 2368 525 2427 Strateg.
546 2370 623 2423 IV,
652 2374 719 2424 12,
749 2372 827 2417 14:
848 2371 959 2415 victo
987 2382 1036 2414 eo
1057 2369 1281 2427 (Pyrrho)
1301 2372 1346 2413 in
1368 2370 1540 2426 campis
1559 2369 1774 2412 Arusinis
1790 2369 1917 2412 circa

97 2439 254 2483 urbem
295 2439 614 2484 Beneventum.
683 2439 749 2483 Ne
795 2440 896 2497 quis
939 2441 986 2483 in
1020 2441 1246 2497 requirat,
1291 2440 1477 2482 confero
1506 2453 1552 2495 p.
1575 2441 1650 2491 14,
1674 2440 1729 2484 37
1756 2439 1917 2481 iterum

97 2508 334 2566 Pomptino
372 2522 484 2566 aqro
506 2533 572 2538 —
614 2533 672 2538 —
707 2510 803 2553 tulit
834 2510 996 2566 spolia.
1029 2524 1074 2567 p.
1107 2512 1158 2563 9,
1183 2514 1253 2555 25.
1286 2513 1365 2563 26,
1390 2513 1459 2555 13.
1492 2513 1569 2563 55,
1591 2512 1662 2553 25.
1691 2511 1762 2561 85,
1783 2509 1826 2553 4.
1848 2531 1915 2537 -

102 2579 169 2633 19,
193 2581 246 2625 18
266 2591 422 2623 eorum
445 2578 508 2621 B:
541 2590 696 2623 eorum
720 2580 798 2637 qui
819 2577 1155 2637 superfuerunt
1182 2578 1277 2624 ΝΟ.
1342 2578 1548 2622 Foedum
1570 2579 1805 2635 glossema
1825 2576 1914 2618 iam

101 2647 362 2692 Seebodius
390 2649 642 2705 expulerat.
664 2672 734 2678 —
756 2651 822 2702 19,
846 2653 898 2695 19
919 2647 1135 2708 Pyrrhus
1153 2650 1269 2693 idem
1290 2648 1334 2693 ‘o
1359 2648 1448 2692 me’
1469 2647 1609 2707 inquit
1629 2644 1913 2691 Seebodius:

98 2716 154 2761 P.
180 2718 295 2762 idem
325 2730 453 2762 omne
480 2719 622 2776 inquit
640 2717 746 2772 BN,
774 2717 1000 2775 Pyrrhus·
1020 2719 1163 2764 ‘video
1196 2719 1285 2763 me'
1313 2720 1457 2777 inquil
1483 2717 1517 2762 Ο
1542 2721 1585 2760 et
1613 2716 1808 2773 priores.
1846 2738 1916 2744 —-

102 2791 170 2841 19,
191 2791 247 2834 26
272 2789 350 2846 qui
370 2801 515 2844 porro
536 2788 600 2831 N:
645 2787 754 2846 quid
773 2801 922 2844 porro
943 2788 1046 2844 ΒΟ,
1097 2793 1140 2832 at
1172 2790 1230 2833 cf.
1253 2803 1299 2832 v.
1323 2792 1379 2834 22
1405 2789 1483 2846 qui
1511 2787 1583 2830 ille
1606 2791 1790 2830 senalus
1808 2782 1915 2840 fuit.

99 2881 169 2887 —-
195 2861 262 2911 19,
284 2860 340 2903 31
371 2858 586 2901 intactam
617 2857 781 2914 reliqui
811 2858 1054 2902 lectionem
1086 2857 1260 2902 codicis
1281 2858 1343 2901 B:
1389 2858 1488 2915 quis
1510 2868 1616 2913 erqo
1635 2857 1823 2899 miretur
1847 2852 1920 2896 his

99 2927 298 2972 moribus
328 2917 387 2982 (15
404 2941 445 2970 e.
474 2942 576 2972 cum
596 2927 643 2971 hi
671 2933 827 2971 essent
848 2930 1023 2984 mores)
1052 2941 1107 2974 ea
1136 2930 1189 2985 (i.
1213 2944 1253 2972 e.
1278 2932 1399 2971 tanta
1419 2927 1496 2972 vel
1525 2925 1625 2980 tali)
1656 2926 1815 2971 virtzae
1834 2922 1915 2965 mi-
