2020 3168
201 202 271 252 92
793 212 971 250 FLom
994 210 1271 249 ΕΡΙΤΟΜΑ.

200 340 326 389 stris
363 337 574 389 videret
607 353 710 388 nee
748 335 905 386 aliter
940 335 1012 387 ad
1044 334 1339 387 videndum
1379 353 1522 402 eum,
1577 355 1736 407 quam
1779 355 1861 391 so-

154 420 183 463 6
200 405 346 458 lebat
391 406 462 457 ad
504 404 854 468 audiendum,
910 409 1331 455 concurreretur.
1386 403 1521 456 haec
1565 406 1768 458 scelera
1803 408 1863 459 in

196 475 424 526 Antonii
439 474 518 527 Le
559 474 743 543 idique
773 471 1002 539 tabulis3
1038 471 1240 524 Caesar
1266 474 1675 541 percussoribus
1693 477 1861 544 patris

197 549 477 594 contentus
532 543 635 608 uit,
687 541 810 593 ideo
847 558 940 607 ne,
990 541 1037 592 si
1070 539 1246 592 inulta
1280 540 1497 608 fuisset,
1536 543 1696 593 etiam
1721 545 1864 595 iusta

198 612 313 662 eius
350 611 542 663 caedes
577 609 882 662 haberetur.
1898 633 1919 664 5

417 719 601 773 XVII.
657 718 966 786 BELLVM
1003 717 1217 772 CASSI
1251 718 1352 771 ET
1387 719 1633 772 BRVTI.

97 819 252 885 111127
342 819 543 870 Brutus
574 826 627 870 et
654 817 874 870 Cassius
906 819 984 870 sic
1015 817 1303 870 Caesarem
1333 818 1488 888 quasi
1512 817 1863 888 Tarquinium

194 905 380 956 regem
436 886 707 957 depulisse
759 904 927 955 regno
979 885 1304 938 videbantur
1321 926 1336 952 ,
1403 894 1485 938 set
1539 886 1860 955 libertatem,

195 974 355 1027 quam
397 957 631 1007 maxime
677 956 977 1007 restitutam
1023 955 1335 1020 voluerunt,
1391 954 1485 1006 illo
1529 956 1647 1025 ipso
1693 959 1862 1027 parri-

150 1041 177 1082 2
195 1026 334 1078 cidio
379 1024 748 1095 perdiderunt.
803 1025 970 1092 igitur
1015 1024 1179 1076 caede
1225 1023 1469 1093 perfecta
1503 1041 1624 1075 cum
1654 1033 1860 1077 vetera·
1878 1045 1919 1079 10

193 1111 291 1147 nos
334 1092 611 1159 CaesariS,
664 1110 765 1144 nec
799 1093 1075 1159 inmerito,
1112 1093 1390 1158 timerent,
1432 1093 1611 1144 statim
1649 1110 1678 1144 e
1715 1096 1863 1146 curia

197 1164 253 1214 in
292 1161 619 1232 Capitolium
658 1161 1031 1229 confugerant.
1087 1179 1189 1212 nec
1224 1160 1333 1212 illis
1371 1160 1443 1213 ad
1476 1160 1736 1214 ultionem
1773 1163 1861 1215 de-

151 1249 178 1291 3
195 1238 310 1283 erat
340 1232 565 1298 animuS,
600 1231 698 1283 sed
728 1230 918 1283 ducem
947 1230 1188 1283 nondum
1218 1229 1508 1282 habebant.
1545 1231 1862 1299 igitur-cum

193 1318 226 1352 a
263 1306 502 1370 pareret,
559 1317 696 1371 quae
726 1306 935 1368 strages
985 1300 1065 1351 rei
1099 1297 1347 1369 publicae
1384 1300 1696 1367 inmineret,
1754 1301 1860 1353 dis-

190 1388 226 1440 p
249 1370 381 1422 icuit
423 1368 582 1436 ulti0‚
646 1387 767 1421 cum
817 1368 1009 1421 caedes
1055 1367 1447 1438 inprobaretur.
1508 1369 1675 1439 igitur
1712 1369 1916 1422 Cice-15

148 1440 342 1500 4ronis
397 1438 639 1490 consiliis
677 1437 968 1490 abolitione
1015 1437 1256 1503 decreta,
1314 1455 1382 1488 ne
1427 1445 1608 1489 tamen
1657 1438 1862 1508 publici

194 1508 396 1560 doloris
445 1506 627 1560 oculos
684 1507 934 1573 ferirent,
990 1507 1048 1558 in
1092 1507 1402 1576 provincias
1462 1506 1530 1558 ab
1586 1506 1680 1559 illo
1739 1509 1858 1578 ipso

193 1595 355 1647 quem
399 1576 711 1628 occiderant
755 1575 988 1629 Caesare
1035 1576 1212 1641 datas,
1271 1573 1485 1645 Syriam
1522 1581 1576 1627 et
1609 1575 1858 1629 Macedo·

190 1647 338 1698 niam
376 1652 771 1698 concesserant.
810 1645 887 1697 sic
923 1645 1165 1698 vindicta
1197 1643 1446 1698 Caesaris
1485 1644 1651 1696 dilata
1679 1647 1856 1715 potius

194 1733 355 1786 quam
392 1733 651 1785 oppressa
688 1721 786 1768 est.
1868 1735 1911 1768 20

147 1810 175 1850 5
333 1784 509 1853 Igitur
554 1785 663 1836 iam
705 1784 952 1837 ordinata
998 1785 1170 1852 magis
1220 1791 1280 1836 ut
1325 1790 1536 1854 poterat
1589 1797 1760 1854 quam
1797 1790 1858 1835 ut

193 1853 427 1906 debebat
460 1855 601 1905 inter
637 1854 946 1906 triumviros
983 1871 1042 1905 re
1080 1852 1324 1923 publica,
1370 1853 1560 1906 relicto
1599 1853 1671 1904 ad
1703 1852 1854 1905 urbis

231 1923 521 1974 raesidium
556 1922 790 1993 Lepido,
840 1922 1042 1975 Caesar
1079 1940 1201 1974 cum
1234 1923 1471 1974 Antonio
1509 1923 1567 1974 in
1608 1921 1856 1974 Cassium

149 2009 178 2051 6
242 1999 526 2062 rutumque
567 1993 914 2061 succingitur.
952 1991 1033 2043 illi
1067 1992 1386 2062 comparatis
1422 1990 1732 2060 ingentibus
1770 2009 1854 2042 co·

191 2062 295 2181 piis
345 2060 570 2113 eandem
615 2061 787 2127 illam,
837 2080 972 2132 quae
1018 2060 1199 2112 fatalis
1238 2061 1391 2113 Gneo
1429 2060 1685 2130 Pompeio
1735 2059 1852 2126 fuit,
1871 2081 1914 2113 25

230 2147 449 2182 arenam
499 2131 825 2184 insederant.
878 2131 974 2182 sed
1018 2147 1119 2182 nec
1167 2137 1282 2181 tum
1327 2131 1506 2181 omina
1542 2130 1851 2181 inminentis

136 2218 161 2256 7
192 2199 362 2252 cladis
400 2199 686 2252 latuerunt.
720 2218 847 2252 nam
884 2208 936 2252 et
973 2201 1141 2268 signis
1176 2198 1378 2251 insedit
1415 2216 1643 2251 examen
1681 2206 1734 2250 et
1763 2199 1853 2250 ad-

194 2276 376 2321 suetae
421 2269 746 2321 cadaverum
778 2269 978 2339 pabulo
1015 2268 1264 2321 volucres
1301 2270 1456 2338 quasi
1490 2269 1598 2320 iam
1627 2285 1724 2319 sua
1753 2271 1852 2319 cir-

193 2338 595 2405 cumvolabant,
651 2346 704 2390 et
746 2340 806 2390 in
851 2339 1022 2391 aciem
1066 2337 1454 2408 prodeuntibus
1509 2337 1701 2390 obvius
1746 2338 1852 2389 Ae·
1884 2385 1890 2393 ,

149 2407 368 2477 ethiops
404 2409 562 2459 nimis
600 2404 783 2477 apert'e
818 2408 986 2460 ferale
1023 2408 1236 2476 signum
1267 2407 1386 2459 fuit.
1434 2408 1645 2477 ipsique
1681 2406 1849 2459 Bruto
1867 2420 1908 2454 30

192 2495 289 2546 per
325 2483 558 2543 noctem,
597 2495 719 2529 cum
752 2477 920 2529 inlato
957 2477 1157 2529 lumine
1189 2495 1260 2528 ex
1285 2494 1434 2529 more
1461 2476 1642 2546 aliqua
1671 2492 1851 2527 secum

193 2547 447 2614 agitaret,
502 2554 620 2597 atra
673 2547 938 2617 quaedam
990 2547 1167 2615 imago
1223 2563 1281 2597 se
1334 2545 1527 2598 obtulit
1581 2551 1656 2611 et,
1714 2562 1849 2614 quae

195 2622 336 2667 esset
381 2618 734 2684 interrogata,
789 2622 972 2668 ‘tuus'
1018 2617 1192 2686 inquit
1240 2615 1442 2667 ‘malus
1488 2615 1677 2683 genius
1688 2618 1725 2679 ,⁹
1786 2631 1850 2664 ac

150 2707 178 2749 9
196 2684 294 2736 sub
332 2684 500 2736 oculis
537 2686 779 2737 mirantis
809 2685 1042 2737 evanuit.
1081 2686 1200 2754 pari
1228 2684 1287 2736 in
1317 2685 1541 2736 meliora
1566 2683 1848 2753 praesagio

194 2754 252 2804 in
290 2752 540 2805 Caesaris
587 2756 775 2806 castris
824 2755 1002 2807 omnia
1039 2773 1165 2805 aves
1203 2754 1453 2805 victimae
1490 2769 1559 2803 ue
1593 2752 1848 2821 promise·
1863 2765 1904 2800 35

194 2829 333 2873 rant.
390 2823 486 2874 sed
529 2822 665 2875 nihil
709 2823 803 2876 illo
833 2823 1226 2904 praestantius,
1275 2822 1419 2892 quod
1504 2821 1705 2872 aesaris
1740 2837 1848 2872 me-

197 2891 349 2942 dicus
389 2892 594 2945 somnio
633 2893 936 2945 admonitus
977 2897 1083 2960 est,
1127 2897 1189 2944 ut
1226 2889 1427 2945 Caesar
1465 2890 1653 2942 castris
1693 2906 1846 2942 exce·
