2020 3168
178 187 245 237 94
783 196 959 235 FLORI
988 197 1263 236 EPITOMA.

179 341 268 375 sus
309 322 557 375 Caesaris
595 339 763 372 naves
802 328 854 372 et
897 321 1137 372 incendit
1175 327 1227 371 et
1265 320 1544 389 demersit3
1581 341 1681 374 neo
1722 324 1840 394 ipse

177 399 407 457 tantum,
440 391 536 442 sed
562 390 752 441 Menas
782 397 834 440 et
862 389 1224 455 Menecrates,
1255 389 1416 440 foeda
1440 393 1674 458 servitia,
1705 410 1837 461 quos

183 461 343 512 classi
380 460 736 528 praefecerat,
776 458 1149 527 praedabundi
1183 476 1280 527 per
1322 457 1481 510 litora
1517 468 1708 511 cuncta
1745 479 1837 512 vo-

137 529 420 585 3litabant.
472 527 540 579 ob
586 527 719 578 haec
754 534 833 579 tot
874 544 1132 596 prospera
1177 533 1389 578 centum
1423 526 1598 580 bubus
1637 531 1836 580 auratis
1922 581 1924 583 ,

177 598 369 649 Peloro
407 597 582 647 litavit
618 597 1014 665 spirantemque
1066 613 1260 666 equum
1303 613 1426 647 cum
1463 614 1592 649 amo
1629 598 1687 649 in
1726 597 1830 649 fre·
1871 615 1894 648 ⁵

177 676 290 719 tum
328 666 498 733 misit,
542 665 685 718 dona
710 664 961 736 Neptuno
994 664 1113 736 [hoc
1140 664 1401 734 putabant
1432 705 1446 732 ,
1484 674 1544 717 ut
1583 684 1640 718 se
1674 668 1836 718 maris

179 743 352 788 rector
374 738 430 786 in
459 753 553 787 suo
586 736 722 786 mari
750 753 978 804 regnare
996 741 1287 805 pateretur.
1319 752 1381 787 eo
1440 736 1631 807 enique
1653 735 1838 787 discri-

178 807 381 857 minum
423 812 643 856 ventum
691 812 795 871 est,
843 811 902 855 ut
940 804 1131 856 foedus
1176 811 1228 855 et
1272 822 1384 874 pax
1421 822 1542 856 cum
1580 805 1735 858 hoste
1769 835 1841 846 --·

137 876 227 938 481
261 874 418 926 modo
448 873 617 926 hostis
647 874 871 944 Pompei
906 873 1047 925 filius
1067 881 1336 925 -tamen
1366 874 1633 926 feriretur.
1674 892 1838 945 quan-

176 953 290 995 tum
329 944 410 1010 id,
450 943 546 995 sed
578 943 744 995 breve
780 943 1035 1011 gaudium
1073 942 1199 1009 fuit,
1239 961 1360 994 cum
1395 945 1452 995 in
1489 944 1683 995 Baiani
1721 944 1837 996 lito·
1854 964 1896 997 10

176 1014 251 1064 ris
287 1012 427 1065 mole
468 1012 534 1063 de
570 1012 748 1063 reditu
795 1013 908 1062 eius
950 1019 1001 1062 et
1038 1011 1303 1063 bonorum
1338 1014 1677 1065 restitutione
1716 1031 1838 1065 con-

177 1083 349 1147 venit,
392 1098 616 1149 cumque
645 1082 908 1131 invitante
939 1082 1056 1149 ipso
1085 1081 1142 1130 in
1171 1098 1366 1131 navem
1396 1081 1719 1133 discubitum
1742 1089 1838 1148 est,

179 1157 231 1202 et
267 1151 358 1201 ille
398 1158 594 1201 sortem
629 1167 779 1199 suam
820 1150 1147 1218 increpitans
1185 1149 1306 1200 ‘hae
1348 1157 1489 1202 sunt'
1520 1151 1695 1220 inquit
1734 1158 1838 1202 ‘ea-

178 1221 328 1271 rinae
366 1225 567 1285 meae’3
606 1218 736 1269 haut
765 1219 1070 1285 incomiter,
1113 1219 1280 1288 quod,
1332 1237 1452 1271 cum
1499 1220 1556 1270 in
1606 1219 1838 1272 celeber-

180 1290 315 1340 rima
351 1295 502 1358 parte
539 1286 689 1339 urbis
723 1286 936 1339 Carinis
967 1290 1269 1356 pater-eius
1308 1288 1630 1355 habitasset,
1668 1290 1836 1358 ipsius
1855 1309 1896 1342 15

139 1358 370 1410 5domus
410 1366 462 1409 et
504 1364 726 1427 penates
774 1358 830 1407 in
877 1358 1005 1408 navi
1033 1357 1346 1426 penderent.
1398 1358 1494 1409 sed
1529 1358 1563 1422 †
1599 1359 1837 1427 inportu-

179 1429 346 1479 nitate
393 1427 618 1479 Antonii
659 1433 711 1477 et
766 1425 899 1478 Pom
941 1427 1216 1478 eianorum
1262 1427 1552 1493 bonorum,
1615 1445 1840 1496 quorum

180 1504 354 1549 sector
390 1496 482 1547 ille
519 1496 721 1562 fuerat,
768 1513 896 1564 prae
939 1513 970 1545 a
1016 1496 1271 1548 devorata
1306 1498 1576 1566 possessio
1623 1514 1839 1548 manere

178 1584 287 1618 non
314 1572 548 1635 poterat:
588 1565 887 1616 detrectare
917 1567 1092 1635 coepit
1121 1565 1356 1617 foederis
1386 1573 1618 1635 pactum.
1659 1566 1839 1635 itaque

179 1638 313 1687 itum
359 1635 429 1686 ad
478 1651 628 1686 arma
671 1652 885 1700 rursuS,
937 1641 988 1685 et
1033 1635 1139 1685 iam
1182 1636 1329 1686 totis'
1357 1636 1571 1704 imperii
1628 1634 1835 1686 viribus
1852 1654 1896 1686 20

180 1705 370 1756 classis
407 1706 463 1755 in
499 1706 748 1755 iuvenem
786 1710 1075 1773 conparata
1113 1711 1217 1770 est,
1270 1705 1421 1755 cuius
1467 1703 1673 1755 molitio
1721 1704 1840 1773 ipsa

137 1773 482 1842 ssmagnifiea.
524 1774 614 1842 qui
652 1791 719 1842 pe
749 1773 1002 1824 interciso
1032 1773 1372 1824 Herculanae
1404 1774 1523 1824 viae
1560 1772 1728 1823 limite
1759 1790 1839 1823 re-

179 1844 447 1912 fossisque
483 1842 627 1893 litori
666 1860 729 1893 us
772 1842 1038 1893 Lucrinus
1076 1842 1222 1893 lacus
1262 1849 1495 1893 mutatus
1535 1843 1592 1893 in
1625 1849 1840 1912 portum

182 1914 336 1982 eique
384 1913 681 1981 interrupto
728 1911 904 1962 medio
949 1911 1164 1963 additus
1216 1919 1296 1962 est
1342 1912 1620 1976 Avernus,
1679 1918 1739 1961 ut
1782 1911 1839 1961 in

180 1982 274 2032 illa
321 1998 580 2051 aquarum
627 1982 804 2050 quiete
861 1980 1050 2031 classis
1090 1981 1327 2032 exercita
1370 1982 1661 2048 imaginem
1708 1979 1838 2031 belli
1853 1997 1896 2029 25

138 2061 161 2098 7
180 2050 388 2102 navalis
420 2052 665 2118 agitaret.
708 2056 858 2100 tanta
886 2049 1025 2102 mole
1045 2049 1177 2101 belli
1197 2050 1394 2119 petitus
1416 2051 1471 2100 in
1498 2048 1677 2101 Siculo
1699 2048 1836 2099 freto
1908 2099 1911 2107 ,

179 2121 389 2171 iuvenis
431 2137 719 2188 oppressus
759 2126 862 2185 est,
902 2120 1190 2188 magnique
1227 2118 1425 2169 famam
1462 2119 1613 2170 ducis
1653 2118 1723 2169 ad
1759 2118 1837 2167 in-

180 2189 323 2240 feros
360 2206 539 2240 secum
578 2188 814 2254 tulisset,
856 2189 903 2239 si
928 2188 1063 2239 nihil
1097 2194 1411 2256 temptasset
1445 2187 1700 2253 ulterius3
1733 2187 1839 2237 nisi

137 2268 163 2308 8
215 2258 324 2310 uod
360 2276 587 2326 magnae
622 2257 818 2309 indolis
854 2258 1064 2326 signum
1099 2264 1180 2307 est
1212 2274 1427 2326 sperare
1456 2274 1680 2326 semper.
1720 2273 1837 2325 per-

181 2278 306 2379 ditis
346 2329 488 2378 enim
524 2327 685 2378 rebus
719 2327 962 2395 profugit
996 2326 1289 2395 Asiamque
1328 2325 1463 2377 velis
1510 2326 1667 2394 petit,
1710 2343 1892 2377 ven-30

179 2404 330 2447 turus
368 2396 445 2447 ibi
481 2398 538 2447 in
585 2414 775 2446 manus
825 2396 1057 2447 hostium
1095 2403 1146 2446 et
1192 2403 1407 2446 catenas
1445 2402 1518 2461 et,
1561 2394 1704 2464 quod
1739 2394 1836 2443 mi-

183 2467 462 2516 serrimum
500 2472 580 2516 est
616 2464 847 2516 fortibus
877 2466 1033 2531 viris,
1071 2464 1140 2515 ad
1169 2464 1401 2516 hostium
1431 2464 1712 2515 arbitrium
1738 2461 1836 2513 sub

138 2548 164 2588 9
219 2552 494 2586 ercussore
542 2535 846 2586 moriturus.
896 2551 1003 2585 non
1045 2534 1150 2584 alia
1195 2541 1318 2602 post
1353 2533 1579 2585 Xerxen
1606 2533 1836 2583 ·misera-

179 2553 341 2654 bilior
388 2604 534 2672 fuga.
598 2604 793 2674 quippe
839 2603 996 2655 modo
1044 2611 1404 2654 trecentarum
1486 2601 1838 2670 uinquaginta

180 2674 398 2723 navium
435 2674 679 2726 dominus
717 2690 836 2722 cum
877 2691 974 2723 sex
1012 2691 1067 2723 se
1108 2680 1283 2724 temve
1319 2672 1466 2740 fugie
1508 2678 1561 2722 at
1599 2671 1833 2721 extincto
1853 2690 1885 2723 3(

180 2743 478 2810 praetoriae
520 2743 675 2793 navis
715 2741 938 2808 lumine,
977 2759 1083 2792 anu
1106 2742 1151 2792 is
1190 2743 1246 2793 in
1287 2759 1433 2792 mare
1469 2740 1706 2804 abiectiS,
1745 2755 1836 2807 pa-

179 2828 314 2861 vens
352 2820 509 2881 atque
550 2818 857 2880 respectans
869 2850 884 2877 ,
937 2819 988 2863 et
1024 2819 1203 2862 tamen
1245 2829 1352 2867 non
1391 2812 1583 2861 timens
1627 2808 1734 2859 nisi
1768 2824 1838 2857 ne

179 2882 395 2947 periret.
