2020 3168
178 312 394 383 agmine
431 328 464 374 a
496 311 768 367 montibus
809 311 986 368 niveis
1024 310 1431 378 descenderam.
1505 329 1607 380 nec
1644 319 1848 380 temere
1942 336 1948 338 -

180 387 422 450 sumptus
456 379 704 432 barbaris
723 377 1032 438 ‘videbatur
1066 382 1181 436 tuni
1215 379 1630 450 impflwffisgssed
1648 374 1846 462 fpossifiis

180 450 371 502 castris
409 448 555 518 apud
588 449 848 516 Asturam
881 447 1081 500 flumen
1111 448 1386 500 ‘trifariam
1421 444 1597 501 diviso
1633 447 1848 523 agmme
1908 477 1918 483 ν
1999 444 2001 452 ’

110 523 167 565 55
182 519 288 570 tria
332 516 492 573 simul
524 517 889 571 Romanorum
930 516 1158 586 adgredi
1192 517 1394 587 ‘parant
1439 515 1633 569 castra.
1718 517 1850 569 fuis-

183 594 370 656 setque
416 602 614 655 anceps
671 592 724 636 et
771 592 1051 640 cruentum
1101 591 1153 637 et
1203 587 1411 638 utinam
1462 594 1650 638 mutua
1696 586 1850 638 clade
1869 613 1891 645 5

181 662 449 717 certamen
484 671 606 706 cum
634 661 746 705 tam
782 653 1030 721 fortibus,
1067 661 1179 717 tam
1214 654 1408 722 subito,
1438 662 1550 718 tam
1577 673 1700 723 Cum
1728 671 1851 707 con-

111 730 169 774 56
186 723 308 776 silio
344 722 716 790 venientibus,
754 723 862 775 nisi
895 722 1208 792 Brigaecini
1238 716 1633 793 prodidissent,
1641 720 1702 775 ‘a
1737 725 1851 801 qni:

179 793 282 846 bus
317 792 681 862 praemonitus
719 791 961 855 Carisius
982 796 1121 847 ‘cum
1163 793 1407 858 exercitu
1442 793 1690 865 advenit(
1753 791 1851 863 p'ro
2000 794 2004 872 ξ

181 862 413 920 victoria
460 861 564 919 fuit
611 861 943 931 oppressisse
989 861 1240 927 consilia,
1262 862 1365 929 -sic
1413 864 1853 932 tamen'quoque
2000 875 2005 930 ᾗ

110 944 166 986 57
183 948 294 984 non
328 932 609 993 incruento
645 932 952 990 certamine.
1026 930 1282 1011 reliquias
1311 925 1428 1013 *fusi
1445 930 1731 1001 ''enercitus
1759 947 1851 982 va·
1869 951 1912 984 ιο
2003 949 2005 984 ς

183 1000 447 1052 lidissima
483 999 674 1052 civitas
702 999 921 1063 Lancea
966 1006 1204 1069 excep1t,
1249 998 1349 1053 ubi
1371 1002 1511 1055 'eum
1548 998 1682 1069 locis
1719 998 1854 1065 adeo

185 1075 448 1122 certatum
488 1075 594 1134 est,
640 1075 700 1119 ut
748 1085 870 1121 cum
909 1068 971 1120 ‘in
996 1070 1220 1137 'captam
1259 1063 1634 1138 urbem‘ssfaces
1669 1071 1855 1137 posce-

113 1143 170 1186 58
189 1145 399 1204 rentur,
448 1154 611 1205 aegre
658 1136 772 1188 dux
806 1136 1176 1208 impetray'erit
1200 1138 1452 1211 veniam,
1497 1140 1559 1192 ut
1597 1136 1856 1191 victoriae

184 1207 460 1270 Romanae
508 1213 655 1257 stans
690 1206 895 1275 potius*
917 1212 1059 1258 esset
1094 1210 1255 1277 quam
1288 1206 1513 1263 incensa
1545 1204 1855 1270 monumen7

183 1284 314 1328 tum.
1045 1281 1052 1284 ”
1398 1278 1422 1281 ”
1462 1279 1465 1281 ’
1689 1275 1691 1279 ’
1731 1280 1735 1281 ’
1869 1298 1915 1332 15

113 1351 170 1394 59
325 1343 432 1396 Hic
488 1343 612 1408 finis
654 1344 903 1412 Augusto
962 1342 1280 1397 bellicorum
1335 1345 1688 1413 certaminum
1738 1342 1856 1409 fuit,

183 1414 328 1466 idem
374 1412 678 1471 rebellandi
719 1412 843 1464 finis
879 1412 1213 1482 Hispaniae.'
1282 1419 1429 1477 certa
1471 1411 1768 1467 mox‘fides
1801 1415 1859 1464 ¹e't

184 1491 405 1535 aeterna
454 1499 595 1552 pax,
655 1499 777 1534 cum
829 1484 1070 1551 ipsorum
1118 1483 1336 1550 ingenio
1376 1483 1448 1533 'in
1491 1483 1659 1552 *pacis
1715 1488 1857 1542 artes

183 1552 537 1622 promptiore,
573 1558 688 1602 tum
723 1550 948 1604 consilio
987 1549 1260 1618 CaesariS,
1297 1552 1389 1621 qui
1422 1549 1675 1604 fiduciam
1710 1567 1858 1604 mon-

184 1622 320 1673 tium
355 1621 548 1682 timens
588 1621 644 1671 in
716 1638 814 1676 uos
850 1638 907 1676 se
953 1619 1309 1689 recipiebant,
1363 1627 1540 1675 castra
1575 1637 1695 1686 sua,
1731 1620 1858 1689 quia
1871 1641 1917 1674 ρο

115 1700 172 1742 60
189 1690 246 1753 in
279 1690 441 1760 plano
481 1696 657 1755 erant,
682 1638 939 1742 (habitare
976 1696 1028 1740 et
1062 1688 1298 1742 incolere
1336 1689 1522 1755 iussit3
1565 1688 1646 1740 ibi
1679 1688 1857 1758 gentis

189 1777 307 1811 esse
345 1758 655 1824 concilium,
702 1758 839 1814 illud.
877 1757 1166 1813 observare
1215 1765 1393 1828 caput.
1468 1756 1688 1816 favebat
1736 1775 1859 1810 con-

190 1828 309 1880 silio
345 1835 538 1879 natura
574 1827 838 1895 regionis3
874 1829 1018 1880 circa
1048 1827 1190 1879 enim
1225 1827 1396 1881 omnis
1433 1826 1670 1896 aurifera
1697 1833 1778 1878 est
1807 1833 1860 1878 et

190 1896 558 1967 chrysocollae
596 1896 855 1967 miniique
894 1903 946 1950 et
983 1897 1213 1948 aliorum
1249 1896 1488 1949 colorum
1519 1895 1694 1953 ferax.
1762 1896 1859 1961 ita-

191 1984 294 2036 que
354 1967 597 2018 exerceri
672 1966 845 2019 solum
911 1966 1085 2019 iussit.
1193 1966 1271 2017 sic
1333 1965 1562 2018 Astures
1625 1965 1856 2016 nitentes
1874 1980 1919 2012 25

188 2035 246 2087 in
297 2035 627 2106 profundum
679 2052 809 2104 opes
858 2052 981 2088 suas
1039 2041 1199 2105 atque
1260 2033 1507 2101 divitias,
1561 2033 1688 2086 dum
1738 2032 1859 2084 aliis

190 2111 477 2174 quaerunt,
516 2121 677 2156 nosse
711 2111 1018 2174 coeperunt.

188 2213 498 2266 XXXIIII.
530 2213 686 2282 PAX
716 2213 1182 2336 ΡΑΒᾸΓξΤΙὲξΞἭ
1207 2213 1308 2265 ΕΤ
1339 2211 1860 2267 CONSECRATIO

118 2390 173 2433 61
334 2382 599 2436 Omnibus
645 2383 715 2436 ad
759 2399 1008 2444 occasum
1045 2389 1097 2435 et
1136 2381 1416 2437 meridiem
1450 2381 1655 2451 pacatis
1688 2380 1919 2448 genti-39

192 2452 318 2519 bus,
352 2452 423 2504 ad
459 2453 878 2523 septentrionem
914 2469 1123 2522 quoque
1133 2491 1147 2516 ,
1197 2451 1324 2506 dum
1358 2446 1523 2502 taxat
1546 2451 1689 2501 intra
1723 2447 1863 2500 Rhe-

191 2539 322 2572 num
352 2528 512 2592 atque
548 2521 887 2587 Danuvium,
921 2521 1051 2572 item
1087 2520 1157 2572 ad
1190 2520 1450 2572 orientem
1486 2519 1629 2572 intra
1661 2516 1864 2587 Cyrum

195 2598 248 2642 et
281 2589 623 2660 Euphraten,
658 2589 740 2642 illi
778 2607 988 2661 quoque
1026 2589 1246 2660 reliqui,
1322 2590 1380 2640 ui
1414 2590 1660 2659 inmunes
1697 2588 1863 2656 impe-

193 2660 263 2711 rii
298 2667 466 2727 erant,
505 2659 809 2712 sentiebant
845 2666 1026 2711 tamen
1053 2660 1297 2728 magnitu
1337 2655 1481 2714 inem
1516 2663 1569 2708 et
1602 2657 1864 2709 victorem

120 2739 176 2780 62
235 2730 437 2782 entium
484 2729 743 2799 populum
782 2728 1084 2780 Romanum
1139 2726 1543 2780 reverebantur.
1628 2742 1752 2776 nam
1810 2730 1862 2775 et
1878 2744 1919 2778 35

194 2747 430 2869 {cythae
465 2799 660 2850 misere
696 2797 904 2867 legatos
941 2804 994 2850 et
1031 2794 1307 2848 Sarmatae
1356 2792 1647 2864 amicitiam
1681 2800 1864 2863 peten-

183 2874 294 2921 .tes‚
380 2865 537 2927 Seres
583 2867 744 2920 etiam
787 2865 1199 2936 habitantesque
1249 2864 1348 2936 sub
1403 2865 1520 2935 ipso
1566 2862 1678 2932 sole
1724 2859 1863 2931 Indi,

181 176 279 254 104
785 185 961 226 From
981 186 1257 252 emona,
1959 0 1998 274 ἢ

1983 276 2001 510 ἲ
