2020 3168
800 185 1147 226 PRAEFATIO.
1559 217 1562 220 .
1742 187 1872 226 XVII

53 303 270 367 amplior]
287 322 333 352 v.
353 306 502 351 Iahnii
529 307 678 364 praes.
713 319 759 363 p.
780 304 922 349 XVII.
961 304 1312 349 Freinshemius
1346 305 1603 361 supplevit:
1635 305 1724 348 nisi
1749 304 1875 362 quod

20 420 23 422 .
53 378 249 435 amplior
262 375 337 421 hic
355 375 546 420 hostium
564 376 795 420 exercitus
810 409 823 431 ‚
842 385 982 432 eoque
1000 375 1159 419 acrior
1178 379 1266 418 etc.
1288 397 1359 405 —
1375 376 1434 420 86
1447 407 1458 427 ,
1477 377 1532 419 21
1555 372 1865 418 Caesareano·

14 497 16 500 y
53 461 158 492 rum
178 446 244 490 B:
266 445 651 492 Caesarianorum
670 443 766 489 ΝΟ.
823 444 884 488 cf.
903 456 950 500 p.
968 446 1027 492 89
1041 478 1052 497 ,
1083 445 1165 497 34,
1187 443 1264 488 ubi
1284 443 1391 486 item
1413 454 1472 486 ex
1491 441 1526 484 B
1549 441 1872 487 Caesareanae

47 516 278 575 potentiae
296 515 593 559 restituimus.
620 537 692 547 —
708 516 782 567 86,
800 515 857 559 36
875 513 999 570 reyio
1019 511 1096 557 ΝΟ
1112 522 1123 556 :
1160 524 1280 570 quae
1298 513 1421 570 reqio
1441 510 1476 555 B
1491 545 1502 565 ,
1524 511 1627 554 sort.
1650 516 1772 554 recte
1788 545 1798 565 ,
1829 511 1868 554 si

54 583 117 630 ad
131 584 316 643 fercula
336 582 528 628 ‘erant’
551 583 789 639 suppleas.
807 604 877 612 —
895 584 978 639 86,
1006 584 1065 628 38
1092 582 1226 627 veluti
1254 580 1315 625 B:
1345 581 1462 625 velut
1490 578 1588 624 ΝΟ.
1607 603 1677 610 -
1710 581 1766 626 87
1783 614 1793 632 ,
1813 583 1871 626 23

53 667 189 698 arma
217 657 260 696 et
296 655 580 712 armamenta
612 650 678 694 H:
710 663 844 693 arma
871 655 914 694 et
939 655 1148 694 armenta
1178 649 1237 706 B,
1270 654 1554 694 armamenta
1575 648 1671 694 ΝΟ.
1691 671 1759 679 —
1795 650 1870 703 87,

51 724 112 769 33
132 720 305 765 librare
332 720 394 763 Hz
423 718 620 763 liberare
637 718 700 772 B,
731 707 986 762 deliber‘are
1009 717 1102 763 ΝΟ.
1123 741 1192 749 —
1227 721 1309 773 88,
1341 725 1397 765 10
1420 718 1601 763 hortari
1624 719 1872 774 increpare

21 807 26 811 ·
54 790 119 834 Β;
142 789 326 834 hortari
343 787 378 833 Ο
401 800 557 832 errore
580 800 842 844 operarum.
856 810 926 818 —
949 790 1030 842 88,
1049 791 1107 835 26
1118 786 1376 844 phalaricis
1396 786 1703 845 SpengeIIus:
1727 786 1865 842 plau-

52 860 164 903 stris
183 858 218 902 B
236 893 246 912 ‚
260 858 370 916 pilis
390 856 430 900 N
443 891 454 911 ,
475 857 647 901 lanceis
664 855 699 901 Ο
717 868 729 910 ;
749 856 920 900 balistis
944 856 1143 901 coniecit
1163 856 1591 914 Bezzenbergerus.
1620 879 1682 886 —
1702 857 1761 902 88
1774 889 1786 909 ,
1813 858 1871 902 29

52 929 155 972 avia
167 932 394 985 petentem
407 926 469 970 Νι
490 923 596 970 avii}
613 931 773 970 tentem
793 926 939 980 (corr.
962 926 1009 970 in
1028 930 1247 970 tenentem
1265 939 1406 970 manu
1426 923 1680 970 admodum
1691 928 1870 978 vetere,

55 995 142 1042 sed
162 997 274 1051 alia)
294 996 331 1039 B
346 1029 358 1050 ‚
383 996 487 1040 avia
503 999 719 1040 tenentem
741 995 794 1040 Ο.
816 1018 886 1026 —
902 997 983 1050 89,
1020 998 1075 1043 19
1094 995 1187 1039 lata
1206 995 1445 1040 dominatio
1464 994 1528 1039 H:
1558 994 1699 1039 dilata
1729 993 1871 1038 domi-

50 1067 174 1111 natio
194 1065 230 1110 B
243 1099 255 1121 ‚
274 1065 428 1110 uilatio
446 1064 615 1110 donata
636 1065 676 1109 N
689 1099 700 1120 ‚
721 1065 861 1124 dilata
882 1066 1132 1110 coniuratio
1155 1064 1189 1110 Ο
1212 1078 1270 1108 ex
1289 1065 1445 1123 priore
1464 1077 1568 1109 mea
1588 1063 1873 1107 coniectura.

52 1158 122 1166 -—
141 1139 200 1182 90
213 1169 225 1188 ,
245 1138 275 1181 3
295 1133 501 1178 desciscit
528 1135 575 1177 in
594 1135 798 1192 reqinam
821 1129 902 1158 *³⁹¹*
930 1135 1062 1178 aliter
1084 1133 1118 1179 Ο
1136 1145 1146 1177 :
1178 1134 1386 1179 desciscit
1399 1135 1448 1178 in
1465 1145 1616 1192 reqem

52 1203 173 1249 Nam
192 1203 326 1247 aliter
349 1202 386 1247 B
418 1204 591 1261 (reqem
613 1210 683 1248 est
707 1203 866 1247 ultima
888 1216 983 1247 vox
1004 1216 1169 1249 versus
1183 1238 1194 1258 ,
1226 1205 1374 1262 spatio
1404 1216 1555 1249 vacuo
1576 1202 1735 1247 reIIcto
1758 1201 1870 1246 duo-

55 1272 207 1316 decim
235 1273 331 1314 sere
362 1272 614 1316 litterarum
628 1284 641 1327 ;
664 1277 759 1316 tum
783 1285 934 1318 novus
953 1285 1121 1318 versus
1149 1270 1310 1331 'incipit
1330 1287 1358 1318 a
1379 1275 1520 1318 verbo
1540 1271 1682 1327 Nam)
1708 1296 1779 1303 —
1796 1275 1870 1325 90,

52 1345 79 1390 7
100 1341 352 1399 Auyustum
373 1339 547 1386 delevit
562 1339 926 1385 Freinshemius.
961 1365 1022 1373 ·-
1045 1344 1125 1395 90,
1148 1346 1203 1389 13
1220 1348 1363 1386 motus
1381 1343 1593 1387 civitatis.-
1615 1342 1742 1385 motis
1762 1341 1861 1385 civi-

54 1412 157 1455 tatis
180 1409 240 1465 B,
279 1410 469 1454 civitatis
500 1414 646 1454 motus
672 1409 768 1454 ΝΟ.
799 1433 871 1441 -
907 1413 989 1465 90,
1013 1413 1071 1457 26
1104 1415 1145 1454 et
1162 1410 1406 1455 obnoxium
1429 1410 1678 1454 delendum
1709 1414 1871 1453 censen·

52 1478 295 1537 Hauptius.
323 1501 386 1511 —
406 1482 465 1526 90
481 1513 492 1533 ,
513 1481 571 1526 33
588 1478 814 1523 obsidebat
832 1484 881 1523 at
896 1478 960 1523 H:
991 1478 1217 1524 obsiderat
1234 1479 1270 1523 B
1283 1513 1295 1534 ,
1321 1478 1548 1525 obsidebat
1564 1479 1604 1522 N
1618 1514 1629 1533 ,
1650 1478 1870 1523 obsidere.

51 1555 100 1593 at
120 1548 154 1594 Ο
172 1561 187 1603 ;-
204 1549 363 1605 possis
385 1548 546 1593 etlam:
567 1547 818 1604 obsidebat,
845 1562 947 1595 cum
971 1549 1181 1596 Octavius
1207 1554 1294 1593 etc.
1320 1572 1392 1580 —
1410 1551 1465 1595 91
1479 1582 1490 1602 ,
1512 1552 1567 1594 21
1587 1548 1795 1592 ultionem
1815 1546 1875 1590 de

51 1618 122 1663 his
140 1618 350 1662 sumendi
372 1617 408 1661 H
426 1629 437 1662 :
467 1618 677 1662 ultionem
699 1618 756 1663 de
782 1618 853 1663 his
874 1618 910 1662 B
923 1652 934 1673 ‚
961 1619 1142 1663 ultionis
1161 1618 1217 1663 de
1243 1618 1316 1663 his
1336 1617 1434 1663 ΝΟ.
1456 1641 1527 1648 -—-
1543 1620 1600 1664 91
1613 1652 1623 1672 ,
1644 1621 1701 1662 25
1720 1615 1872 1660 Peru-

51 1691 167 1734 siam
189 1687 252 1731 N:
282 1687 526 1731 Perusiam
546 1687 641 1734 ΒΟ.
662 1712 733 1719 —
753 1691 808 1735 91
824 1723 835 1744 ,
856 1693 911 1734 25
932 1689 1161 1732 exercitus
1179 1687 1242 1731 B:
1276 1692 1318 1732 et
1336 1690 1564 1732 exercitus
1593 1685 1688 1731 ΝΟ.
1710 1710 1781 1716 —
1798 1688 1872 1741 91,

52 1760 111 1804 28
132 1755 245 1800 nihil
260 1758 480 1814 insiynius
499 1757 857 1802 MommsenIus:
891 1757 1006 1801 nihil
1029 1759 1075 1801 in
1095 1769 1144 1801 se
1162 1758 1309 1802 minus
1327 1756 1464 1801 BNO.
1482 1780 1551 1787 —-
1569 1759 1647 1809 91,
1670 1758 1725 1801 31
1745 1756 1871 1812 inqe-

52 1830 224 1870 mescat
244 1825 346 1869 BN:
367 1827 629 1883 inqemiscat
647 1826 700 1870 Ο.
721 1851 792 1858 —-
811 1830 886 1885 92,
906 1831 962 1875 26
981 1839 1067 1870 nec
1086 1831 1177 1871 tum
1196 1828 1345 1870 omina
1363 1827 1617 1870 inminentis
1635 1825 1779 1868 cladis
1800 1825 1869 1867 la-

53 1899 235 1940 tuerunt
254 1894 290 1938 H
308 1906 318 1938 :
339 1906 423 1939 nec
443 1899 502 1939 tot
517 1896 578 1939 im
602 1887 624 1958 Η
650 1896 860 1940 minentia
880 1896 1097 1940 destinate
1114 1898 1256 1941 cladis
1275 1897 1504 1941 latuerunt
1522 1894 1572 1950 B,
1585 1907 1669 1938 nec
1688 1899 1780 1938 tum
1797 1895 1866 1936 in-

52 1964 267 2008 minentia
288 1964 433 2008 cladis
451 1964 702 2009 destinatae
719 1966 850 2023 siqna
871 1965 1104 2009 latuerunt
1125 1966 1163 2009 N
1179 2001 1190 2020 ,
1217 1977 1302 2010 nec
1333 1970 1424 2010 tum
1443 1965 1703 2009 inminentia
1732 1963 1865 2006 desti—

53 2038 191 2077 natae
209 2033 352 2077 cladis
372 2034 601 2078 latuerunt
620 2033 672 2078 Ο.
726 2035 876 2078 Locus
899 2035 1047 2079 labem
1067 2035 1218 2091 traxit,
1240 2049 1344 2079 cum
1364 2035 1602 2093 glossema
1621 2034 1872 2077 destinatae

55 2102 116 2147 ad
146 2115 252 2147 voe.
286 2103 541 2147 inminentis
567 2103 857 2161 'adscriptum
888 2104 935 2147 in
961 2106 1206 2148 verborum
1227 2108 1491 2149 contextum
1518 2104 1690 2146 illatum
1712 2106 1868 2154 esset;

56 2173 174 2216 solet
193 2177 345 2216 autem
364 2173 528 2217 Florus
550 2173 596 2216 in
614 2173 693 2217 tali
711 2186 761 2216 re
780 2186 825 2218 v.
845 2174 1068 2217 inminens
1086 2174 1149 2217 uti
1165 2208 1175 2227 ‚
1199 2187 1243 2217 v.
1263 2187 1309 2231 p.
1331 2177 1402 2228 29,
1424 2177 1481 2219 22
1501 2174 1784 2216 inminentem
1805 2175 1872 2214 te-

54 2242 255 2284 merario
274 2242 380 2285 duci
398 2241 575 2286 cladem
584 2242 931 2300 praedixerant
953 2243 1193 2287 insidentia
1218 2244 1355 2301 siqnis
1374 2243 1616 2292 exainina,·
1643 2254 1690 2298 p.
1710 2244 1768 2287 33
1782 2275 1792 2295 ,
1812 2243 1872 2284 20

53 2308 169 2353 haec
183 2308 274 2367 fuit
291 2311 407 2355 illius
425 2311 515 2355 viri
530 2325 622 2356 non
636 2313 733 2356 sine
746 2314 993 2370 praesaqio
1004 2313 1198 2371 quodam
1214 2310 1308 2370 fati
1322 2313 1577 2355 inminentis
1589 2312 1745 2367 prima
1760 2322 1869 2353 con—

50 2377 219 2437 fessi03
238 2393 285 2435 p.
305 2382 363 2425 84
376 2414 387 2435 ,
406 2383 434 2427 9
453 2392 697 2439 numquam
723 2383 978 2426 inminentis
996 2384 1160 2426 ruinae
1177 2380 1494 2439 manifestiora
1506 2379 1739 2439 prodiyia.
1785 2378 1867 2423 In—

55 2450 261 2492 minentis
290 2449 466 2505 (deleto
496 2450 763 2506 destinatae)
793 2451 1087 2496 scribendum
1112 2465 1218 2496 esse
1240 2452 1375 2495 etiam
1394 2450 1802 2506 Bezzenbergerus
1828 2452 1874 2490 et

55 2516 141 2562 Ed.
162 2517 401 2563 Wurmius
423 2519 761 2568 intellexerunt.
783 2545 853 2552 —
869 2524 940 2576 92,
955 2524 1012 2568 28
1030 2522 1234 2566 volucres
1250 2521 1385 2579 quasi
1399 2522 1491 2564 iam
1508 2532 1594 2565 sua
1614 2519 1667 2573 (i.
1681 2532 1724 2561 e.
1736 2530 1872 2574 prae-

59 2586 165 2634 dam
189 2588 276 2632 sibi
298 2587 598 2645 destinatam)
620 2591 1004 2635 circumvolabant
1019 2591 1080 2634 B:
1113 2591 1319 2636 volucres
1338 2595 1494 2634 castra
1524 2590 1659 2648 quasi
1674 2589 1763 2631 iam
1782 2599 1871 2630 sua

56 2657 441 2702 circumvolabant
458 2658 555 2702 ΝΟ.
580 2683 639 2689 —-
661 2652 732 2713 93,
756 2665 779 2706 1
801 2662 899 2704 acie
916 2672 1110 2719 namque
1120 2657 1225 2720 ete.]
1251 2660 1381 2704 locus
1402 2659 1605 2717 graviter
1626 2649 1871 2714 corruptus

58 2725 124 2770 sie
146 2727 191 2768 in
210 2726 245 2769 B
270 2729 468 2784 scriptus
490 2733 582 2771 est:
614 2729 712 2772 acie
734 2741 928 2788 namque
948 2732 1184 2774 commissa
1214 2742 1315 2774 cum
1334 2730 1451 2786 pari
1470 2728 1640 2771 ardore
1659 2727 1869 2785 aliquan-

57 2794 133 2838 diu
153 2795 409 2842 dimicatum
429 2796 556 2855 foret
570 2799 777 2856 quamuis
797 2798 934 2843 duces
953 2800 1056 2843 inde
1075 2805 1343 2856 praesentes
1362 2798 1584 2842 adessent.
1631 2796 1736 2840 hinc
1756 2796 1868 2839 alte-

58 2877 161 2907 rum
191 2869 399 2923 corporis
427 2867 676 2925 aeyritudo.
734 2868 857 2912 illum
885 2874 1027 2913 metus
1054 2874 1097 2913 et
1122 2870 1306 2926 iqnauia
1330 2868 1663 2912 subduxissent.
1724 2868 1873 2909 staret

127 2946 310 2980 nonvs.
1498 2939 1525 2981 b
