2020 3168
830 176 1174 215 PRAEFATIO.
1882 182 1917 219 V

0 296 6 355 [
93 299 288 360 veran13
326 295 385 339 cf.
415 308 462 352 p.
494 297 575 349 98,
595 296 623 343 7
653 308 760 339 nam
788 295 1080 353 pulchritudo
1103 294 1235 354 infra
1266 296 1534 353 pudicitiam
1560 299 1791 356 principis
1808 299 1916 357 fuit.

0 359 14 420 Γ
92 387 164 397 --
186 366 240 421 7,
262 366 318 411 16
341 364 503 408 eminet
518 367 700 422 sumpta
724 367 832 408 sunt
848 364 888 408 L:
928 366 1090 409 eminet
1109 365 1354 422 adsumpta
1371 369 1479 411 sunt
1503 365 1539 412 Ο
1572 366 1829 412 secundum
1859 368 1914 423 B,

94 433 172 492 qui
195 433 336 478 habet
354 434 514 477 eminet
539 438 775 490 easumpta
799 438 906 478 sunt
912 451 931 484 ,·
961 433 1047 479 sed
1075 448 1241 479 vereor
1266 447 1323 478 ne
1350 447 1405 479 ea
1431 433 1545 480 nihil
1569 436 1627 480 sit
1654 437 1745 481 nisi
1767 449 1918 494 prava

0 507 4 514 “
94 502 305 560 repetitio
341 502 551 560 syllabae
588 501 924 548 antecedentis.
959 527 1031 536 —-
1068 507 1122 558 8,
1148 509 1177 551 2
1203 503 1324 548 Latii
1355 505 1456 561 (vel
1481 503 1609 560 Lati)
1645 506 1817 563 oppida
1845 506 1913 550 H:

93 568 222 616 Latio
246 571 416 628 oppida
442 572 485 627 I,
519 572 690 629 oppida
712 570 842 617 Latio
869 572 904 616 B
921 607 932 627 ,
970 573 1141 630 oppida
1169 575 1216 618 in
1250 573 1379 618 Latio
1414 574 1456 619 N
1468 586 1481 629 ;
1521 573 1693 632 oppida
1719 575 1842 619 Latii
1877 574 1912 629 Ο

94 654 200 685 cum
223 639 438 697 Haupti0.
500 639 650 685 Etiam
683 653 728 698 p.
752 644 825 696 83,
850 645 931 695 35,
960 643 1037 687 ubi
1067 655 1094 686 a
1125 643 1160 686 B
1180 644 1367 688 castella
1398 645 1555 698 abest,
1592 644 1685 688 alia
1714 643 1915 689 Thessa-

93 710 180 754 liae
199 709 387 753 castella
423 708 719 754 scribendum
752 709 951 755 videtur.
983 735 1053 742 —-
1078 714 1133 765 8,
1161 716 1214 759 11
1246 713 1367 756 mira
1400 725 1477 757 res
1500 713 1668 758 dicitur
1691 714 1916 759 extitisse.-

0 818 5 838 -.
93 778 298 823 restitere
319 776 405 822 BI:
457 779 577 822 mira
601 790 679 823 res
703 778 853 824 dictu!
872 781 1078 824 restitere
1097 779 1195 825 ΝΟ.
1259 780 1383 826 Nihil
1404 795 1575 827 causae
1595 781 1782 826 videtur
1799 817 1810 837 ‚
1832 794 1915 827 cur

93 847 227 892 lectio
256 846 453 905 insignis
481 848 528 891 in
547 847 606 892 BI
636 862 720 906 pro
747 849 1030 907 glossemate
1050 847 1292 895 habeatur.
1320 873 1391 883 —
1434 854 1478 906 8,
1499 856 1554 898 15
1587 856 1727 908 caput
1749 855 1817 896 est
1837 863 1913 894 re-

87 920 271 975 pertum
296 917 375 975 Iep
412 939 485 950 --
533 921 588 973 8,
622 920 677 965 18
700 917 843 963 donec
866 918 1029 962 aberat
1050 917 1182 965 libido
1218 918 1377 977 IhpN:
1427 920 1570 964 donee
1592 921 1760 964 aderat
1782 921 1913 965 libido

95 985 238 1032 BIeO.
293 986 556 1032 Lectionem
595 1000 622 1032 a
662 1001 735 1032 me
778 987 1018 1032 reductam
1058 992 1149 1031 tam
1178 987 1257 1033 diu
1302 989 1426 1046 quod
1457 989 1700 1047 praeeedit
1731 990 1912 1033 videtui·

22 1051 24 1055 ’
93 1054 322 1114 flagitare.
353 1079 425 1089 —
451 1060 502 1113 9,
541 1059 594 1103 13
613 1061 662 1107 ut
689 1058 925 1102 consulere
946 1056 1111 1102 civibus
1134 1059 1230 1103 suis
1252 1070 1304 1102 se
1327 1058 1490 1103 debere
1519 1060 1823 1117 meminissent
1847 1060 1911 1102 1-1:

92 1137 142 1170 se
163 1139 255 1169 om.
276 1124 359 1181 BI;
412 1130 519 1183 post
547 1127 782 1171 consulere
816 1132 886 1171 est
916 1127 962 1170 in
993 1125 1090 1172 ΝΟ.
1130 1151 1201 1158 —
1237 1131 1316 1183 10,
1344 1131 1372 1175 9
1399 1128 1481 1172 illa
1501 1127 1703 1174 Romani
1722 1129 1916 1172 nominis

90 1194 326 1252 prodtyia:
345 1195 424 1239 illa
447 1196 496 1239 in
521 1195 582 1239 R.
602 1208 648 1239 n.
665 1196 880 1254 prodiyia
904 1196 940 1240 B
957 1231 967 1250 ‚
992 1195 1114 1240 unde
1139 1195 1200 1241 O:
1233 1197 1311 1240 illa
1332 1199 1383 1242 ni
1399 1196 1459 1242 R.
1480 1212 1525 1241 n.
1545 1198 1686 1255 prod.
1698 1216 1715 1248 ;
1738 1198 1815 1241 illa
1833 1211 1914 1242 ro-

94 1276 233 1307 mana
257 1264 473 1322 prodiyia
503 1265 559 1308 N.
623 1263 727 1308 Non
764 1279 866 1310 sum
903 1278 1045 1309 ausus
1085 1266 1378 1324 ingeniosam
1414 1266 1561 1311 Iahnii
1598 1267 1914 1311 coniecturam

95 1333 332 1390 recipere;
356 1346 465 1376 nam
484 1337 529 1376 et
546 1334 597 1376 ni
619 1334 778 1378 nescio
799 1333 909 1391 quid
930 1335 1127 1391 quaesiti
1146 1334 1300 1390 habet,
1323 1340 1364 1379 et
1384 1341 1535 1393 potest
1555 1337 1601 1380 in
1622 1337 1698 1379 illo
1719 1337 1764 1380 in
1786 1334 1912 1380 aliud

95 1403 265 1458 latere,
299 1402 449 1450 velut:
477 1402 557 1449 illa
575 1402 780 1448 inmania
798 1403 1001 1448 Romani
1014 1417 1059 1447 n,
1077 1403 1310 1462 prodiyia.
1330 1430 1398 1435 —
1419 1410 1487 1460 11,
1507 1410 1536 1451 2
1551 1406 1721 1462 proelii
1737 1405 1833 1464 fuit
1849 1405 1883 1448 B
1901 1416 1912 1448 ;

90 1473 183 1533 fuit
197 1474 370 1531 proelii
384 1473 481 1519 ΝΟ.
509 1497 579 1506 —-
606 1479 674 1531 11,
691 1478 749 1521 26
766 1472 933 1518 Manili
955 1471 1058 1518 BO:
1100 1474 1259 1517 manlii
1273 1474 1307 1528 Ι,
1327 1475 1478 1518 marci
1489 1475 1660 1518 mamili
1676 1474 1718 1518 N
1729 1487 1743 1529 ;
1773 1474 1911 1517 imme

94 1542 288 1588 Minucii
294 1562 312 1596 ‚·
340 1557 388 1588 v.
408 1543 510 1589 Liv.
535 1543 616 1599 111,
642 1548 697 1590 25
727 1557 825 1601 sqq.
858 1567 928 1575 —
956 1547 1035 1600 11,
1062 1547 1120 1590 30
1143 1543 1373 1600 pecudum
1393 1556 1518 1588 more
1535 1544 1583 1586 Ie
1604 1570 1673 1576 —
1694 1548 1774 1598 12,
1798 1546 1826 1588 4
1849 1545 1916 1587 sic

95 1613 316 1658 scelerato
340 1614 520 1671 signata
537 1615 716 1658 nomine
741 1613 803 1657 H:
825 1615 861 1657 it
875 1612 981 1657 scel.
1001 1613 1152 1670 εἴρηαι
1168 1614 1346 1656 nomine
1365 1613 1418 1667 B,
1446 1616 1488 1658 et
1503 1614 1612 1657 scel.
1633 1614 1812 1671 siqnata
1832 1625 1915 1656 no·

97 1683 215 1726 mine
239 1681 307 1741 N,
333 1681 382 1727 id
395 1683 505 1727 seet.
524 1684 676 1741 siqnat
691 1684 869 1727 nomine
890 1682 943 1727 Ο.
962 1704 1032 1713 —
1070 1686 1125 1728 12
1139 1717 1149 1735 ‚
1171 1685 1199 1727 8
1223 1686 1383 1739 sponte
1401 1694 1450 1726 se
1469 1683 1742 1726 dediderunt
1765 1682 1827 1725 B:
1866 1693 1917 1726 se

95 1755 254 1809 sponte
278 1751 548 1797 dediderunt
564 1751 659 1797 ΝΟ.
678 1775 748 1784 ——
784 1755 855 1810 12,
875 1755 904 1800 9
929 1753 1113 1808 scripsit
1133 1751 1348 1796 Iahnius:
1379 1745 1575 1796 ‘Falisci
1605 1765 1706 1795 eum
1740 1751 1914 1795 obside-

98 1824 283 1877 rentur,
316 1823 436 1865 mira
469 1823 533 1865 eis
567 1822 664 1867 visa
708 1823 798 1877 (est
828 1822 924 1866 visa
949 1821 1010 1876 Β,
1049 1822 1145 1866 visa
1171 1826 1238 1865 est
1255 1822 1316 1875 N)
1346 1822 1462 1879 fides
1483 1822 1803 1878 imperatoris,
1832 1832 1916 1864 nec

98 1891 328 1946 inmerito,
354 1891 478 1949 quod
494 1890 590 1935 ludi
613 1893 876 1949 mayistrum
906 1915 965 1922 —
998 1915 1055 1921 —-
1086 1891 1173 1934 sibi
1194 1891 1312 1935 ultro
1337 1890 1636 1936 remisisset':
1666 1904 1770 1934 eum
1795 1894 1915 1932 recte

99 1959 403 2005 intellexisset
422 1960 557 2004 Floro
584 1960 831 2005 dicendum
852 1960 996 2005 fuisse
1019 1973 1109 2003 non
1132 1960 1250 2014 aliis,
1278 1959 1363 2004 sed
1381 1961 1575 2005 Faliscis
1594 1960 1736 2004 fidem
1754 1960 1934 2002 miram*

98 2030 250 2074 visam
270 2042 401 2084 esse,
433 2034 480 2073 ut
512 2035 704 2087 apparet
732 2044 790 2074 ex
809 2031 966 2075 verbis
996 2029 1116 2088 quod
1133 2054 1201 2060 ——
1219 2053 1288 2060 ——
1305 2029 1393 2074 sibi
1408 2031 1667 2075 remisisset.
1722 2029 1822 2086 Ego
1851 2033 1918 2071 ta-

100 2112 207 2142 men
235 2098 378 2143 malui
402 2100 466 2143 eis
496 2104 599 2143 ante
622 2104 687 2144 est
714 2099 888 2144 addere
921 2112 1055 2157 quam
1084 2099 1150 2143 sic
1180 2112 1238 2142 ex
1256 2103 1324 2144 est
1356 2100 1613 2145 immutare.
1650 2121 1719 2130 —
1758 2103 1837 2152 12,
1862 2100 1915 2144 19

99 2174 192 2214 tum
210 2169 434 2226 primum:
467 2173 573 2213 tunc
590 2171 792 2227 primum
814 2169 878 2223 N,
910 2173 1001 2213 tum
1024 2170 1175 2225 primo
1197 2168 1291 2214 ΒΟ.
1362 2168 1472 2214 Cum
1502 2181 1729 2227 persaepe
1767 2164 1801 2212 εἴ
1829 2172 1917 2210 eto

102 2238 194 2282 inB
222 2239 416 2283 confusa
437 2240 541 2293 sint,
571 2253 598 2283 a
616 2253 688 2283 me
710 2240 955 2296 impetrare
978 2251 1069 2282 non
1092 2239 1218 2295 potui
1248 2244 1291 2282 ut
1308 2240 1460 2296 primo
1486 2243 1644 2284 contra
1663 2251 1799 2285 usum
1821 2249 1919 2280 ser-

101 2307 251 2353 monis
278 2309 423 2352 Latini
447 2309 722 2366 reciperem.
771 2311 923 2366 primo
958 2322 1041 2366 pro
1063 2309 1267 2364 prim-um
1296 2309 1332 2352 B
1361 2309 1498 2353 etiam
1523 2308 1661 2352 habet
1679 2320 1725 2364 p.
1748 2308 1818 2359 70,
1845 2309 1913 2353 13.

103 2379 174 2432 75,
195 2381 266 2432 31,
296 2382 340 2421 et
359 2379 397 2422 Ν
420 2393 465 2436 p.
486 2381 565 2435 34,
585 2382 656 2425 23.
690 2404 757 2409 —-
782 2380 923 2423 Paulo
946 2382 1050 2435 post
1073 2374 1142 2437 (v.
1165 2380 1243 2433 21)
1270 2378 1436 2435 scripsi
1472 2390 1575 2421 cum
1595 2376 1780 2420 Iahnio:
1812 2374 1915 2418 ‘cid-

102 2451 231 2492 actus
255 2448 380 2492 miles
402 2460 489 2492 sua
512 2453 669 2505 sponte
692 2450 793 2492 iure
815 2447 1012 2493 iurando
1036 2459 1092 2491 ne
1117 2448 1207 2491 nisi
1231 2454 1366 2505 capta
1390 2448 1500 2491 urbe
1526 2450 1766 2490 remearet.
1810 2457 1916 2501 spo-

103 2518 164 2562 lia
190 2516 247 2561 de
264 2517 405 2561 Larte
434 2517 663 2563 Tolumnio
690 2529 796 2576 reye
823 2517 1018 2574 (excidit
1037 2529 1142 2575 re9e
1168 2517 1213 2561 ln
1236 2517 1383 2561 Iahnii
1406 2517 1539 2570 edit.)
1573 2516 1636 2560 ad
1660 2516 1918 2558 Feretrium

104 2586 329 2644 triumpho
356 2587 628 2645 reportata?
667 2586 762 2633 Sed
787 2602 889 2633 eum
908 2588 944 2632 B
967 2589 1033 2632 sie
1055 2586 1250 2631 habeat:
1279 2587 1491 2631 <aductus
1515 2586 1638 2629 miles
1656 2597 1741 2628 sua
1752 2585 1919 2639 §ponte

104 2656 426 2701 iureiurando
461 2670 519 2702 ne
545 2658 635 2702 nisi
665 2663 802 2714 capta
838 2657 951 2702 urbe
985 2661 1225 2701 remearet.
1284 2658 1430 2714 spolia
1468 2656 1522 2699 de
1556 2655 1672 2699 tarte
1708 2648 1916 2697 tolumnio

105 2737 211 2783 rege
234 2726 443 2784 afferret.
501 2726 776 2784 triumphum
801 2727 1093 2785 reportaret?
1154 2726 1280 2771 haud
1313 2728 1408 2771 scio
1441 2739 1499 2769 an
1528 2724 1644 2768 haec
1667 2724 1769 2780 ipsa
1806 2720 1918 2765 seri-

104 2799 239 2852 ptura
270 2795 540 2854 recipienda
569 2797 729 2852 fuerit;
767 2811 872 2842 nam
902 2797 993 2840 iam
1021 2800 1143 2839 recte
1171 2795 1385 2840 Dukerus
1405 2799 1669 2839 monuerat:
1716 2791 1914 2835 ‘Perizoe

106 2863 210 2910 nius
231 2866 276 2908 in
296 2866 546 2911 Animadv.
574 2866 691 2910 Hist.
719 2882 759 2912 c.
786 2867 870 2910 Vll
902 2865 1056 2910 multis
1090 2864 1315 2924 disputat,
1353 2863 1546 2910 Cossum
1568 2862 1782 2907 retulisse
1812 2872 1919 2917 spo-
