2020 3168
795 200 870 269 Π,
890 203 921 254 9
944 199 1048 272 [111‚
1070 199 1180 271 21].
1265 265 1268 267 Α
1758 206 1825 255 75

158 357 256 411 pro
296 339 477 392 nefas!
508 370 580 379 -—
610 346 663 392 et
702 337 976 408 ergastula
1004 344 1302 404 armantur,
1341 344 1394 389 et
1424 337 1586 390 facile
1617 336 1827 391 invenit

160 409 456 462 exercitum
514 408 819 479 imperator.
886 407 1068 478 itaque
1124 407 1182 459 vi
1235 407 1468 477 patriam
1520 424 1825 477 reposcens,
1845 415 1900 456 12

158 477 302 530 unde
338 478 398 529 vi
442 476 621 530 fuerat
663 475 949 547 expulsus,
996 482 1206 546 poterat
1261 475 1439 528 videri
1485 475 1602 527 iure
1649 494 1826 545 agere,

157 547 266 599 nisi
301 563 520 598 causam
560 563 712 598 suam
748 545 976 597 saevitia
1012 552 1395 615 corrumperet.
1435 544 1533 596 sed
1576 562 1699 597 cum
1743 544 1827 597 dis

106 636 128 667 5
157 614 465 668 hominibus
504 631 573 666 ue
619 614 853 666 infestus
896 614 1123 681 rediret,
1173 614 1356 665 statim
1400 614 1576 683 primo
1624 615 1829 694 impetu

158 683 324 736 cliens
361 690 414 735 et
449 700 482 735 a
503 700 666 735 umna
703 682 855 734 urbis
886 682 1041 735 Ostia
1069 682 1307 735 nefanda
1339 689 1521 751 strage
1559 682 1825 753 diripitur.

154 769 285 804 mox
321 752 379 802 in
415 750 605 803 urbem
687 751 991 820 uadruplici
1029 753 1244 819 agmine
1282 751 1530 802 intratur.
1591 752 1826 804 divisere
1843 766 1894 808 13

156 821 339 890 copias
394 819 597 887 Cinna,
643 769 874 885 ffiariuS,
926 818 1131 886 Carbo,
1194 818 1482 872 SertoriuS.
1537 819 1627 872 hic
1683 827 1828 890 post-

157 906 318 970 quam
351 907 544 941 manus
582 888 756 941 omnis
791 888 987 940 Octavi
1023 888 1249 958 depulsa
1286 887 1530 941 Ianiculo
1570 896 1676 955 est,
1722 896 1827 940 sta-

103 978 143 1011 10
157 966 255 1010 11111
284 958 355 1010 ad
383 958 689 1029 principum
718 957 939 1010 caedem
969 958 1125 1026 signo
1155 957 1280 1010 dato
1313 957 1589 1027 aliquanto
1611 959 1826 1010 saevius

156 1044 316 1098 quam
359 1027 450 1079 vel
496 1027 555 1078 in
594 1025 802 1078 Punica
858 1025 993 1079 urbe
1042 1028 1298 1079 saevitur.
1354 1026 1549 1079 Octavi
1589 1026 1826 1079 consulis
1842 1041 1894 1080 14

154 1104 316 1167 caput
361 1114 458 1167 pro
513 1097 704 1148 rostris
764 1096 1079 1165 exponitur,
1136 1097 1363 1148 Antonii
1421 1095 1721 1149 consularis
1770 1097 1828 1147 in

153 1165 295 1217 Mari
328 1166 502 1235 ipsius
539 1165 757 1216 mensiS.
800 1164 1060 1217 Caesares
1097 1183 1130 1217 a
1167 1164 1411 1217 Fimbria
1447 1167 1505 1217 in
1539 1164 1824 1236 penatibus

156 1234 411 1288 domuum
470 1251 686 1287 suarum
731 1235 1094 1301 trucidantur,
1146 1233 1330 1287 Crassi
1370 1241 1526 1303 pater
1580 1242 1634 1286 et
1680 1233 1823 1285 filius

102 1320 140 1351 15
156 1305 214 1355 in
247 1310 429 1356 mutuo
462 1303 600 1355 alter
637 1304 857 1355 alterius
901 1311 1140 1373 aspectU.
1196 1303 1460 1355 Baebium
1502 1312 1663 1374 atque
1712 1302 1823 1355 Nu-

152 1373 425 1425 mitorium
459 1389 558 1442 per
592 1371 829 1423 medium
864 1371 1041 1424 10111111
1075 1373 1203 1424 unci
1231 1379 1448 1424 traxere
1492 1372 1821 1425 carnificum.

155 1440 380 1494 Catulus
442 1458 500 1492 se
553 1441 696 1509 ignis
748 1440 945 1492 haustu
1014 1440 1248 1494 ludibrio
1302 1441 1538 1495 hostium
1603 1442 1820 1493 exemit.
1843 1449 1895 1490 15

152 1509 364 1563 Merula
391 1509 589 1562 flamen
623 1509 802 1561 Dialis
841 1510 898 1560 in
933 1509 1200 1579 Capitolio
1236 1509 1384 1562 Iovis
1422 1511 1593 1580 ipsius
1634 1511 1817 1563 oculos
1839 1517 1893 1558 16

153 1596 415 1632 venarum
444 1596 635 1631 cruore
667 1580 942 1648 respersit.
977 1579 1284 1631 Ancharius
1313 1580 1431 1649 ipso
1468 1580 1689 1632 vidente
1711 1579 1826 1631 Ma·

97 1666 141 1699 20
156 1649 235 1702 rio
274 1648 556 1701 confossus
596 1654 703 1714 est,
742 1649 868 1718 quia
907 1649 1128 1701 fatalem
1168 1648 1319 1701 illam
1357 1649 1564 1701 scilicet
1607 1665 1825 1700 manum

154 1735 263 1770 non
303 1725 621 1787 porrexerat
662 1716 933 1770 salutanti.
977 1718 1111 1770 haec
1145 1725 1225 1770 tot
1270 1726 1486 1770 senatus
1524 1718 1716 1770 funera
1742 1718 1821 1768 in-
1842 1725 1894 1765 17

154 1795 239 1840 tra
266 1786 530 1839 kalendas
562 1794 614 1838 et
645 1786 766 1838 idus
795 1786 1035 1840 Ianuarii
1064 1788 1263 1840 mensis
1295 1789 1522 1857 septima
1541 1787 1636 1839 illa
1660 1787 1823 1838 Marii

155 1873 394 1927 purpura
433 1855 598 1908 dedit.
639 1855 768 1926 quid
804 1856 1045 1910 futurum
1080 1857 1209 1924 fuit,
1251 1858 1297 1909 si
1342 1875 1542 1909 annum
1579 1855 1822 1910 consula-

154 1934 242 1977 tus
281 1924 597 1995 implesset?

99 2009 141 2040 25
299 1993 549 2063 Scipione
592 1993 954 2065 Norbanoque
987 1995 1297 2048 consulibus
1328 1996 1518 2048 tertius
1556 1995 1648 2047 ille
1667 1993 1824 2046 turbo
1851 2008 1901 2050 18

157 2063 333 2116 civilis
368 2063 613 2115 insaniae
649 2070 760 2117 toto
796 2064 978 2116 furore
1018 2066 1284 2132 detonuit,
1326 2067 1523 2135 quippe
1548 2083 1670 2117 cum
1698 2063 1825 2114 hinc

158 2140 276 2186 octo
316 2132 556 2202 legiones
567 2172 582 2199 ,
631 2134 957 2203 quingentae
1005 2134 1251 2187 cohortes
1300 2141 1503 2186 starent
1542 2135 1601 2185 in
1642 2133 1821 2198 armiS,

156 2202 283 2254 inde
321 2202 390 2254 ab
426 2202 561 2253 Asia
601 2219 722 2253 cum
771 2202 978 2255 victore
1016 2204 1258 2256 exercitu
1293 2202 1444 2256 Sulla
1488 2208 1818 2272 properaret.

159 2279 211 2324 et
257 2288 385 2323 sane
433 2289 555 2322 cum
592 2278 704 2323 tam
749 2271 908 2325 ferox
953 2274 1010 2324 in
1058 2271 1306 2326 Sullanos
1348 2272 1555 2324 Marius
1608 2271 1815 2336 fuisset,
1833 2274 1887 2315 19

102 2358 144 2391 ⁴30
159 2348 357 2410 quanta
398 2340 625 2392 saevitia
660 2358 793 2410 opus
836 2349 975 2409 erat,
1013 2349 1073 2394 ut
1113 2341 1263 2395 Sulla
1312 2342 1378 2394 de
1425 2342 1599 2393 Mario
1646 2339 1822 2392 vindi-

158 2409 407 2462 caretur?
431 2410 662 2479 primum
682 2417 810 2480 aput
824 2410 1066 2481 Capuam
1086 2412 1185 2464 sub
1206 2429 1362 2463 amne
1381 2410 1648 2463 Vulturno
1668 2411 1823 2478 signa

159 2487 505 2544 concurrunt,
544 2486 597 2530 et
634 2480 814 2532 statim
849 2480 1093 2533 Norbani
1128 2481 1279 2533 fusus
1310 2481 1575 2534 exercitus
1585 2520 1599 2546 ,
1641 2479 1822 2531 statim

160 2547 427 2618 Scipionis
473 2548 660 2617 copiae
696 2557 963 2602 ostentata
997 2569 1091 2621 spe
1148 2551 1296 2621 pacis
1351 2567 1656 2621 oppressae.
1707 2555 1821 2611 tum
1838 2559 1893 2599 20

157 2617 364 2669 Marius
416 2617 628 2670 iuvenis
687 2625 739 2669 et
797 2618 974 2673 Carbo
1020 2619 1269 2673 consules
1334 2620 1487 2691 quasi
1540 2619 1823 2687 desperata

108 2698 149 2732 ³5
163 2687 391 2739 victoria
400 2727 414 2754 ,
465 2704 533 2738 ne
580 2685 738 2738 inulti
786 2689 1046 2758 perirent,
1082 2691 1139 2741 in
1176 2696 1513 2742 antecessum
1560 2686 1823 2754 sanguine

161 2763 375 2808 senatus
398 2756 503 2808 sibi
521 2756 890 2826 parentabant,
917 2759 1243 2829 obsessaque
1265 2760 1414 2811 curia
1437 2758 1515 2809 sic
1542 2757 1608 2808 de
1632 2760 1820 2807 senatu

162 2827 315 2945 quasi
362 2826 429 2879 de
481 2842 694 2878 carcere
751 2827 843 2895 qui
898 2828 1270 2897 iugularentur
1315 2827 1510 2879 educti.
1563 2832 1820 2895 quantum
1834 2839 1885 2881 21

187 2912 413 2947 unerum
454 2896 511 2947 in
552 2894 695 2962 1010,
740 2894 797 2946 111
842 2897 1009 2964 01100,
1067 2898 1125 2948 111
1167 2894 1533 2967 penetralibus
1576 2892 1817 2964 templis!
