2020 3168
607 210 651 279 I,
673 214 899 265 41—45
922 210 1022 283 [111,
1045 211 1289 287 6—10].‚
1709 218 1777 267 59

108 356 471 421 corruperant.
544 349 787 402 homines
830 350 974 401 feros
1029 356 1191 420 atque
1247 348 1524 402 silvestres
1566 350 1777 401 mireris

108 437 267 473 ausos
303 435 337 470 a
368 418 602 499 scopulis
633 421 743 472 suis
789 418 979 471 saltem
1009 420 1179 470 maria
1212 419 1539 488 prospicere.
1590 436 1754 470 ascen
1794 424 1822 465 3

109 489 237 542 dere
273 489 434 540 etiam
468 487 769 541 inconditas
804 494 947 540 rates
995 494 1048 539 et
1087 489 1620 558 praeternavigantes
1657 486 1780 538 sub-

107 557 234 610 inde
269 558 544 627 inopinato
572 559 775 627 impetu
796 563 1054 608 terruere.
1102 563 1184 609 set
1221 573 1343 609 cum
1363 557 1672 609 venientem
1710 555 1780 607 ab
1795 569 1824 606 4

72 648 92 679 5
108 626 216 679 alto
252 626 551 679 Romanam
586 625 815 678 classem
843 627 1265 695 prospexissent,
1299 624 1557 695 praedam
1590 632 1780 695 putan-

106 702 205 761 tes,
241 695 362 747 ausi
398 695 560 747 etiam
595 711 894 761 occurrere,
923 701 977 745 et
1009 696 1183 764 primo
1221 696 1425 764 impetu
1459 695 1671 762 ingenti
1705 693 1780 746 la-

52 762 55 765 *
104 764 292 834 pidum
327 779 686 832 saxorumque
731 762 915 815 nimbo
948 762 1175 814 classem
1211 769 1552 831 operuerunt.
1602 762 1777 814 tribus
1795 767 1821 807 5

107 833 333 902 quisque
377 830 561 884 fundis
604 831 956 901 proeliantur.
1012 838 1187 883 certos
1232 848 1351 883 esse
1401 832 1520 901 quis
1557 832 1781 883 miretur

105 902 258 967 ictus,
288 918 410 953 cum
444 900 580 953 haec
615 899 731 953 sola
766 901 916 969 genti
951 917 1101 952 arma
1137 901 1269 966 sint,
1307 899 1367 952 id
1397 917 1566 951 unum
1595 898 1664 952 ab
1701 901 1779 951 in-

52 981 92 1014 ¹0
108 969 279 1025 santia
313 969 592 1022 studium?
624 968 804 1022 cibum
836 987 972 1039 puer
1005 987 1039 1020 a
1072 975 1243 1022 matre
1281 986 1391 1021 non
1427 969 1637 1038 accipit,
1673 970 1781 1020 nisi

105 1057 263 1109 quem
287 1040 307 1091 i
346 1056 406 1091 sa
432 1045 765 1092 monstrante
791 1039 1137 1108 percusserit.
1187 1038 1284 1091 sed
1312 1056 1422 1091 non
1452 1037 1547 1090 diu
1575 1037 1779 1108 lapida-

102 1111 249 1162 tione
329 1125 548 1161 omanos
572 1115 830 1160 terruere.
866 1125 993 1159 nam
1020 1114 1306 1178 postquam
1329 1108 1626 1159 comminus
1649 1125 1779 1160 ven·
1795 1114 1824 1156 6

101 1184 223 1245 tum¹
253 1176 336 1229 est
371 1178 688 1247 expertique
719 1184 895 1229 rostra
932 1184 985 1229 et
1016 1176 1130 1247 pila
1164 1178 1464 1242 venientia,
1511 1176 1783 1246 pecudum

102 1247 160 1297 in
196 1264 399 1298 morem
436 1245 669 1299 clamore
715 1245 927 1298 sublato
959 1248 1268 1316 petiverunt
1302 1246 1436 1315 fuga
1466 1244 1652 1312 litora,
1703 1245 1781 1298 di·

49 1326 88 1358 15
103 1314 346 1385 lapsique
373 1316 430 1366 in
449 1317 724 1385 proximos
752 1314 985 1368 tumulos
1017 1315 1311 1386 quaerendi
1338 1315 1556 1368 fuerunt
1582 1322 1642 1367 ut
1663 1316 1780 1367 vin-

102 1390 365 1436 cerentur.

341 1490 581 1544 XLIIII.
630 1465 1051 1545 EXPEDITIO
1091 1491 1174 1544 m
1211 1491 1535 1545 cYPRVM.

239 1591 446 1643 Aderat
472 1590 643 1643 fatum
666 1591 979 1644 insularum.
1018 1592 1184 1659 igitur
1218 1598 1271 1643 et
1292 1590 1503 1661 Cypros
1533 1597 1753 1660 recepta
1766 1587 1897 1653 111,9

104 1663 220 1714 sine
249 1659 412 1713 bello.
451 1660 685 1713 insulam
713 1660 986 1713 veteribus
1017 1660 1223 1713 divitiis
1252 1660 1618 1713 abundantem
1637 1667 1690 1711 et
1709 1659 1778 1712 ob
1797 1671 1823 1709 2

46 1739 89 1772 20
105 1729 207 1782 hoc
231 1729 435 1782 Veneri
464 1747 673 1797 sacram
688 1729 1029 1783 Ptolemaeus
1056 1729 1297 1799 regebat.
1338 1730 1436 1782 sed
1471 1730 1780 1782 divitiarum
1799 1735 1824 1777 3

101 1806 250 1850 tanta
269 1805 383 1851 erat
411 1798 571 1867 fama,
608 1817 710 1852 nec
732 1799 887 1864 fals0,
923 1806 982 1851 ut
1016 1801 1190 1852 victor
1208 1801 1449 1869 gentium
1518 1798 1708 1869 opulus
1730 1805 1783 1850 et

102 1869 304 1921 donare
339 1885 509 1938 regna
545 1875 829 1921 consuetus
864 1868 926 1919 P.
952 1868 1142 1921 Clodio
1178 1869 1395 1921 tribuno
1431 1887 1467 1938 p
1492 1868 1606 1921 ebis
1645 1868 1781 1920 duce

106 1939 242 1990 socii
276 1938 389 1989 vivi
428 1955 499 1990 ue
534 1939 679 2006 regis
717 1937 1150 1990 confiscationem
1186 1939 1541 1991 mandaverit.
1601 1944 1654 1989 et
1686 1936 1778 1989 ille
1798 1939 1827 1977 4

139 2006 321 2058 uidem
356 1956 427 2058 ad
460 2009 540 2059 rei
575 2007 774 2059 famam
808 2025 1017 2059 veneno
1052 2007 1165 2058 fata
1199 2009 1488 2077 praecepit.
1535 2014 1771 2059 ceterum
1789 2023 1815 2063 5

46 2084 88 2115 25
153 2076 327 2129 orcius
349 2074 482 2129 Cato
507 2076 735 2147 Cyprias
765 2094 892 2146 opes
927 2076 1154 2128 liburnis
1183 2096 1281 2146 per
1311 2077 1626 2130 Tiberinum
1657 2077 1780 2128 osti-

102 2164 194 2196 um
227 2146 454 2197 invexit.
516 2163 653 2215 quae
689 2164 775 2198 res
818 2146 978 2197 latius
1022 2148 1288 2198 aerarium
1336 2146 1522 2217 populi
1552 2146 1783 2199 Romani

105 2231 264 2283 quam
297 2214 438 2266 ullus
475 2215 776 2286 triumphus
816 2214 1075 2285 implevit.

460 2325 634 2378 XLV.
681 2324 990 2378 BELLVM
1028 2321 1438 2376 GALLICVM.

246 2424 380 2475 Asia
405 2423 631 2493 Pompei
648 2423 896 2476 manibus
920 2422 1144 2475 subacta
1163 2423 1385 2494 reliqua,
1408 2441 1544 2494 quae
1564 2430 1813 2489 resta-111,
1831 2423 1897 2475 10

49 2498 92 2531 3⁰
105 2492 236 2545 bant
271 2494 329 2544 in
362 2492 608 2563 Europa,
659 2493 902 2546 Fortuna
936 2494 994 2545 in
1032 2492 1321 2546 Caesarem
1352 2493 1644 2545 transtulit.
1699 2511 1779 2545 re·
1798 2507 1824 2546 2

106 2561 320 2614 stabant
348 2569 526 2615 autem
556 2564 910 2614 inmanissimi
934 2565 1174 2631 gentium
1199 2562 1347 2615 Galli
1376 2570 1536 2634 atque
1563 2562 1782 2616 Germa.-

104 2632 164 2683 ni
198 2639 251 2683 et
271 2634 531 2753 1quamvis
568 2638 679 2684 toto
715 2630 842 2684 orbe
878 2632 1056 2699 divisi,
1092 2638 1273 2684 tamen
1310 2634 1436 2702 quia
1471 2634 1690 2685 vincere
1722 2632 1782 2683 li-

105 2700 238 2767 buit,
321 2702 537 2754 ritanni.

246 2769 459 2823 Primus
484 2772 694 2825 Galliae
715 2780 889 2825 motus
919 2774 988 2826 ab
1008 2774 1278 2827 Helvetiis
1300 2776 1490 2845 coepit,
1529 2775 1621 2845 qui
1640 2774 1783 2826 Rho-

50 2851 94 2884 35
112 2838 309 2890 danum
339 2840 481 2894 inter
519 2850 570 2894 et
604 2841 852 2894 Rhenum
894 2844 1006 2910 siti,
1052 2862 1163 2897 non
1183 2843 1588 2896 >sufficientibus
1621 2844 1779 2896 terris

113 2924 308 2960 venere
332 2910 515 2963 sedem
538 2913 779 2981 petitum,
816 2913 1049 2964 incensis
1084 2913 1364 2965 moenibus
1395 2914 1534 2981 suis;
1570 2913 1671 2966 hoc
1697 2930 1779 2964 sa·
