2020 3168
259 140 326 191 22
867 151 1026 191 nvcu
1059 151 1303 191 AMPEnn

256 276 484 330 Allobro
524 294 584 328 as
622 274 987 342 sollicitasset,
1034 275 1102 328 ab
1147 275 1407 329 Cicerone
1441 277 1500 329 in
1521 285 1724 338 »senatu
1766 296 1919 332 accu-

258 354 430 412 satuS,
464 363 497 397 a
567 345 806 397 Antonio
843 345 902 396 in
931 344 1132 415 Apulia
1170 344 1471 399 debellatus
1510 354 1608 399 est.

292 466 564 519 XXVIII.
637 465 974 520 POPVLVS
1014 466 1371 521 ROMANVS
1420 468 1578 523 CVM
1615 469 1886 536 QVIBVS
1926 483 1928 485 ’

294 544 668 599 GENTIBVS
710 546 1425 682 BELLAnggISSERVIT
1468 548 1567 601 ET
1614 548 1885 615 QVIBVS
1935 650 1956 682 ⁵

218 737 241 778 1
400 725 639 796 Populus
674 725 947 778 Romanus
985 726 1335 780 sub-Romulo
1371 729 1634 799 pugnavit
1670 746 1791 781 cum
1827 727 1919 782 Sa-

257 795 402 848 binis
449 796 599 865 prius
638 802 860 866 propter
902 797 1143 864 virgines
1189 805 1397 867 raptas:
1446 797 1546 849 sub
1593 796 1750 850 Tullo
1800 815 1921 850 cum

255 864 485 917 Albanis
524 863 633 896 *³¹³*

215 946 244 986 2
402 933 628 985 Pontius
665 934 975 1001 TelesinUS,
1028 934 1141 986 dux
1175 933 1495 1003 Samnitum,
1542 938 1634 1006 qui
1674 936 1744 988 ad
1783 936 1919 990 Cau-

259 1003 414 1055 dinas
451 1002 691 1054 furculas
727 1003 997 1054 Romanos
1036 1002 1135 1054 sub
1171 1005 1359 1072 iugum
1391 1006 1554 1056 misit.
1934 1023 1974 1056 ιο

217 1079 244 1121 3
397 1071 627 1141 PyrruS,
663 1089 765 1123 rex
793 1070 1161 1141 Epirotarum,
1211 1073 1304 1142 qui
1335 1090 1433 1143 pro
1470 1073 1775 1124 Tarentinis
1806 1072 1918 1126 bel-

258 1140 370 1192 lum
407 1158 528 1192 cum
562 1139 819 1191 Romanis
856 1142 1027 1209 gessit
1061 1147 1381 1212 vastataque
1405 1140 1701 1212 Campania
1736 1142 1806 1194 ad
1839 1143 1918 1194 vi-

258 1211 514 1261 cesimum
559 1208 629 1260 ab
664 1208 800 1261 urbe
837 1209 1072 1279 lapidem
1105 1212 1376 1280 pervenit,
1421 1230 1549 1264 mox
1585 1229 1617 1263 a
1655 1210 1817 1264 Curio
1866 1218 1920 1263 et

255 1278 509 1330 Fabricio
545 1279 720 1330 victus
757 1279 814 1329 in
833 1279 1064 1348 patriam
1099 1281 1390 1348 concessit,
1430 1288 1483 1333 et
1519 1299 1640 1332 cum
1658 1280 1939 1332 Achaiam'

257 1349 419 1399 armis
447 1347 546 1399 sub
572 1365 629 1398 se
657 1347 786 1399 rede
827 1350 982 1414 isset,
1016 1347 1391 1401 Macedoniam
1413 1367 1623 1420 quoque
1642 1350 1915 1418 Antigono
1933 1365 1973 1399 15

255 1417 374 1485 regi
427 1417 737 1486 eripuisset,
830 1435 922 1468 um
967 1417 1146 1486 Argos
1203 1426 1501 1488 expugnat,
1555 1420 1763 1470 occisus
1819 1425 1916 1470 est.

257 1485 510 1538 Omnium
546 1484 877 1538 Graecorum
922 1487 1345 1555 sapientissimus
1391 1495 1444 1540 et
1475 1487 1722 1539 militaris
1762 1487 1917 1539 disci-

213 1554 436 1624 4plinae
481 1555 838 1624 peritissimus
882 1554 1001 1607 fuit.
1073 1555 1337 1623 Annibal,
1385 1559 1477 1627 qui
1518 1574 1713 1608 novem
1756 1574 1917 1608 anno-

254 1643 375 1676 rum
418 1631 626 1693 patrem
671 1626 729 1675 in
775 1623 1094 1694 Hispaniam
1138 1633 1377 1692 secutuS,
1439 1628 1614 1677 minor
1658 1642 1919 1677 annorum

254 1693 422 1745 XXV
461 1694 751 1761 imperator
791 1693 966 1745 factus
1008 1694 1239 1746 triennio
1288 1697 1345 1746 in
1376 1694 1643 1764 Hispania
1684 1694 1816 1746 vicit
1862 1701 1970 1746 etzo

256 1764 536 1815 eversione
560 1760 786 1831 Sagunti
824 1769 979 1832 rupto
1018 1763 1236 1815 foedere
1271 1781 1368 1833 per
1392 1764 1437 1814 P
1478 1781 1731 1816 renaeum
1753 1771 1804 1815 et
1822 1762 1915 1815 Al-

253 1850 349 1901 pes
387 1833 444 1883 in
477 1831 691 1883 Italiam
721 1833 884 1897 venit,
925 1839 976 1882 et
999 1830 1304 1901 Scipionem
1339 1833 1410 1885 ad
1476 1834 1720 1899 iternum,
1759 1832 1915 1884 Tibe-

253 1902 393 1952 rium
419 1900 704 1953 Claudium
733 1901 876 1970 apud
908 1900 1182 1968 Trebiam,
1218 1901 1545 1954 Flaminium
1575 1902 1718 1971 apud
1737 1901 1915 1952 Trasi-

253 1988 521 2036 mennum,
550 1969 779 2021 Paulum
800 1977 851 2021 et
869 1970 1168 2022 Varronem
1187 1971 1331 2040 apud
1356 1970 1585 2038 Cannae,
1613 1970 1915 2023 Gracchum

253 2040 311 2090 in
344 2039 607 2106 Lucania,
644 2039 963 2091 Marcellum
997 2040 1055 2090 in
1087 2039 1382 2110 Campania
1423 2041 1712 2110 superavit.
1748 2039 1859 2070 *²⁸*
1925 2051 1968 2084 25

324 2165 626 2219 XXVIIII.
703 2166 982 2220 STATVS
1018 2167 1291 2220 POPVLI
1325 2165 1619 2219 ROMANI
1656 2163 1849 2230 QVAS

603 2247 1238 2300 OOMMVTATIONES
1270 2246 1572 2299 HABVIT.

214 2352 231 2391 1
396 2340 633 2409 Populus
656 2340 926 2393 Romanus
948 2344 1177 2412 primum
1198 2342 1295 2394 sub
1318 2340 1538 2410 regibus
1559 2341 1684 2392 fuit:
1719 2340 1912 2393 deinde

254 2415 375 2478 post
421 2409 727 2478 superbiam
772 2411 1052 2481 Tarquinii
1105 2419 1156 2463 et
1201 2411 1426 2462 inlatum
1466 2410 1751 2462 Lucretiae
1804 2417 1910 2461 stu-

252 2496 408 2546 prum
446 2478 683 2547 expulsis
718 2480 935 2547 regibus
966 2481 1189 2533 tutelam
1221 2483 1303 2532 sui
1324 2478 1630 2532 consulibus
1655 2478 1907 2542 tribunis-
1923 2494 1967 2528 30

214 2558 239 2596 2
294 2564 358 2598 ue
383 2548 662 2598 commisit.
709 2548 922 2600 Deinde
948 2549 1247 2604 tribuniciis
1279 2547 1630 2601 seditionibus
1661 2549 1907 2617 agitatuS,

255 2565 517 2667 gbdicatis
554 2616 799 2668 omnibus
829 2618 1229 2686 magistratibus
1266 2619 1597 2670 decemviros
1633 2617 1812 2686 legum
1834 2617 1908 2668 fe-

254 2685 540 2737 rendarum
578 2692 629 2736 et
665 2687 742 2737 rei
815 2686 1026 2740 ublicae
1059 2688 1462 2740 constituendae
1496 2703 1657 2737 causa
1677 2687 1904 2755 paravit.

213 2753 463 2805 3Horum
542 2772 717 2824 uoque
795 2758 1171 2809 ominationem
1217 2764 1268 2809 et
1299 2756 1575 2808 libidinem
1613 2755 1906 2806 detestatus

255 2840 437 2874 rursus
477 2842 508 2875 a
588 2825 831 2877 consules
867 2825 1053 2893 rediit,
1101 2826 1270 2879 donec
1308 2826 1508 2879 exortis
1542 2822 1700 2876 bellis
1736 2824 1907 2877 civili·
1920 2843 1963 2879 3⁵
