2020 3168
644 185 728 253 11,
750 185 1294 267 7—9[111,19-21].
1731 192 1803 245 73

138 326 326 380 deince
367 342 392 376 s
428 323 693 391 Thorani3
728 330 1002 394 totamque
1033 332 1400 394 pervagantur
1429 325 1799 396 Campaniam.

135 413 237 448 nec
313 395 325 406 '
372 411 526 445 arum
559 393 735 463 adque
779 393 1025 445 vicorum
1059 395 1362 447 vastatione
1412 397 1650 448 contenti
1694 396 1801 448 No-

134 465 243 517 lam
279 470 440 533 atque
478 462 790 529 Nuceriam,
829 460 1062 514 Thurios
1098 470 1154 514 at
1191 481 1260 515 ue
1298 463 1445 517 Meta
1483 471 1669 517 ontum
1696 473 1803 518 ter-

133 531 283 586 ribili
324 540 505 601 strage
546 530 888 601 populantur.
927 530 1186 584 adfluenti
1226 550 1290 585 us
1333 534 1391 584 in
1440 482 1584 586 giem
1629 534 1799 603 copiis
1816 542 1847 584 6

80 617 101 649 5
135 620 258 655 cum
310 601 419 653 iam
457 608 600 652 esset
647 601 820 652 iustus
868 601 1164 666 exercitus,
1217 619 1246 654 e
1296 601 1593 655 viminibus
1641 620 1801 671 pecu-

135 672 370 740 dumque
408 670 731 738 tegumentis
765 668 1070 722 inconditos
1108 669 1213 722 sibi
1267 669 1336 722 cli
1377 687 1495 737 eos,
1545 688 1616 723 ex
1655 671 1803 723 ferro

47 769 51 772 >
135 737 529 808 ergastulorum
561 744 774 789 recocto
820 736 1032 805 gladios
1073 755 1138 790 ac
1173 738 1284 790 tela
1347 746 1584 791 ecerunt.
1634 757 1698 791 ac
1733 757 1802 791 ne
1819 759 1849 798 7

134 807 279 878 quod
325 805 489 858 decus
537 806 678 859 iusto
729 805 943 857 deesset
992 807 1280 873 exercitui,
1340 807 1558 859 domitis
1624 808 1803 860 obviis

134 877 297 929 etiam
332 873 592 944 gregibus
628 881 850 943 paratur
888 875 1156 943 equitatus
1168 915 1182 941 ,
1231 893 1295 928 ca
1332 882 1389 928 ta
1426 893 1495 928 ue
1538 876 1605 930 de
1650 893 1804 946 prae-

79 960 119 994 ιο
131 944 340 998 toribus
375 944 613 1013 insignia
648 950 701 995 et
736 942 912 995 fasces
948 943 1020 995 ad
1055 943 1246 996 ducem
1323 951 1413 997 etu
1437 962 1543 997 ere.
1581 962 1682 996 nec
1711 946 1803 997 ab-
1822 963 1855 1004 8

131 1015 250 1066 nuit
288 1011 383 1065 ille
421 1011 488 1065 de
527 1012 876 1082 stipendiario
914 1011 1124 1064 Thrace
1159 1013 1340 1080 mileS‚
1391 1013 1461 1067 de
1502 1013 1672 1069 milite
1713 1014 1802 1067 de-

131 1089 335 1150 sertor,
379 1081 446 1134 de
478 1081 752 1134 desertore
782 1081 945 1147 latr0‚
986 1081 1181 1134 deinde
1219 1083 1276 1137 in
1308 1082 1568 1135 honorem
1603 1083 1815 1134 virium,

171 1151 419 1204 ladiator.
468 1152 599 1222 quin
645 1149 1020 1203 defunctorum
1075 1168 1287 1221 quoque
1336 1151 1543 1221 proelio
1599 1151 1799 1204 ducum
1814 1162 1845 1204 9

158 1237 327 1274 unera
361 1221 743 1288 imperatorum
774 1218 1071 1271 celebravit
1116 1221 1416 1291 exsequiis,
1451 1222 1805 1291 captivosque

80 1313 121 1346 15
140 1292 286 1343 circa
324 1307 517 1358 rogum
553 1289 712 1340 iussit
745 1289 909 1339 armis
948 1288 1014 1340 de
1053 1306 1283 1357 ugnare,
1327 1291 1482 1371 quasi
1515 1289 1676 1359 plane
1714 1307 1805 1342 ex-

131 1360 376 1430 piaturus
410 1374 566 1410 omne
606 1358 956 1426 praeteritum
1031 1357 1253 1424 edecuS,
1304 1377 1352 1413 s1
1387 1359 1456 1413 de
1502 1358 1805 1427 gladiatore

131 1427 468 1480 munerarius
496 1425 716 1477 bustum
743 1425 980 1477 fecisset.
1012 1425 1139 1479 inde
1166 1427 1277 1486 iam
1308 1426 1645 1481 consularem
1676 1444 1802 1497 quo-
1827 1444 1883 1485 ιο

133 1514 237 1568 que
270 1495 342 1547 ad
410 1512 563 1546 essus
603 1495 662 1545 in
687 1495 740 1546 A
779 1495 976 1564 penino
1004 1494 1225 1549 Lentuli
1254 1496 1553 1549 exercitum
1591 1496 1803 1562 cecidit,

132 1566 278 1636 apud
312 1565 345 1616 B
372 1564 578 1616 utinam
611 1562 730 1615 Pub
755 1564 774 1615 i
811 1562 970 1616 Cassi
1005 1572 1184 1618 castra
1213 1564 1438 1628 delevit.
1479 1564 1676 1634 quibus
1700 1564 1874 1621 ela-11

76 1649 119 1682 20
134 1643 222 1687 tus
249 1633 492 1687 victoriis
531 1631 598 1684 de
636 1632 945 1685 invadenda
979 1632 1113 1686 urbe
1150 1633 1394 1687 Romana
1411 1665 1483 1674 —-
1502 1633 1647 1703 quod
1674 1634 1804 1685 satis

133 1711 216 1756 est
261 1701 585 1772 turpitudini
629 1709 847 1755 nostrae
880 1733 953 1743 —-
1004 1702 1343 1758 deliberavit.
1392 1703 1612 1759 tandem
1661 1703 1805 1755 enim
1826 1707 1882 1746 12

130 1773 259 1825 totis
299 1772 513 1841 imperii
547 1770 757 1823 viribus
793 1778 982 1824 contra
1020 1771 1415 1842 myrmillonem
1454 1779 1804 1840 consurgunt,

130 1842 498 1921 pudoremque
541 1840 844 1893 Romanum
877 1840 1119 1895 Licinius
1173 1840 1404 1895 Crassus
1454 1841 1724 1908 adseruit3
1774 1858 1807 1892 a

134 1928 239 1981 quo
282 1909 426 1979 pulsi
462 1908 637 1977 fugati
675 1927 744 1961 ue
770 1940 842 1948 --
871 1909 1038 1979 pudet
1078 1910 1260 1964 dicere
1286 1942 1357 1950 --
1383 1910 1567 1963 hostes
1608 1911 1667 1961 in
1714 1928 1805 1962 ex-

76 1988 308 2033 25trema
343 1977 534 2030 Italiae
570 1995 630 2030 re
655 1986 905 2048 ugerunt.
957 1978 1035 2031 ibi
1075 1980 1219 2033 circa
1254 1980 1509 2035 Brittium
1542 1979 1803 2048 angulum
1824 1990 1881 2031 13

131 2049 291 2115 clusi,
342 2065 464 2099 cum
497 2046 685 2116 fugam
721 2048 778 2099 in
814 2046 1056 2100 Siciliam
1090 2056 1343 2117 pararent
1370 2066 1546 2119 neque
1582 2049 1807 2116 navigia

133 2136 196 2171 su
234 2123 502 2188 peterent,
538 2123 789 2187 ratesque
826 2134 897 2168 ex
927 2116 1175 2170 trabibus
1205 2124 1258 2171 et
1278 2117 1436 2170 dolea
1462 2135 1671 2170 conexa
1698 2118 1806 2168 vir-

131 2136 295 2256 gultis
331 2186 675 2256 rapidissimo
725 2185 864 2238 freto
902 2186 1106 2239 frustra
1141 2187 1541 2256 experirentur,
1584 2185 1806 2238 tandem

134 2274 229 2308 eru
267 2256 414 2307 tione
451 2255 597 2307 facta
632 2255 798 2324 digna
823 2255 957 2307 viris
994 2254 1178 2308 obiere
1209 2263 1380 2309 morte
1411 2263 1487 2322 et,
1528 2255 1673 2325 quod
1704 2254 1803 2306 sub
1828 2267 1882 2308 14

0 2373 1 2380 ,
79 2342 121 2376 3ο
173 2325 226 2376 la
268 2323 609 2376 ‘atore‘duce
646 2323 907 2394 oportuit,
942 2325 1058 2377 sine
1096 2325 1351 2378 missione
1375 2331 1676 2394 pugnatum
1705 2331 1805 2375 est.

0 2389 1 2396 ’
174 2400 426 2463 partacus
462 2394 578 2462 ipse
625 2393 684 2445 in
730 2394 904 2463 primo
950 2394 1165 2463 agmine
1213 2394 1506 2449 fortissime
1543 2393 1806 2444 dimicans

136 2463 291 2534 quasi
326 2462 620 2532 imperator
655 2463 883 2515 occisus-
908 2471 1007 2516 est.

316 2570 503 2625 VIIII.
558 2571 866 2628 BELLVM
905 2572 1160 2628 CIVILE
1205 2572 1629 2626 MARIANVM.

274 2671 396 2724 Hoc
432 2671 618 2723 deerat
660 2689 827 2724 unum
869 2690 939 2753 po
977 2673 1055 2725 uli
1101 2673 1332 2726 Romani
1376 2672 1557 2739 malis,
1603 2678 1662 2724 ut
1696 2685 1780 2737 111,
1831 2678 1892 2728 21

81 2741 245 2795 35iam
272 2742 290 2792 i
331 2758 388 2792 se
416 2742 560 2793 intra
595 2758 653 2793 se
682 2741 956 2861 parricida
980 2760 1009 2795 e
1043 2741 1211 2794 telum
1247 2742 1391 2795 domi
1421 2741 1725 2809 stringeret,
1754 2746 1806 2792 et

136 2810 195 2861 in
227 2828 292 2861 ur
333 2827 362 2862 e
389 2811 570 2863 media
593 2827 657 2862 ac
707 2827 800 2862 oro
837 2811 992 2881 quasi
1018 2810 1223 2863 harena
1257 2811 1404 2862 cives
1443 2828 1565 2861 cum
1595 2808 1806 2861 civibus

140 2879 252 2930 suis
300 2878 622 2948 gladiatorio
663 2895 809 2932 more
861 2887 1258 2933 concurrerent.
1315 2880 1569 2948 aequiore
1628 2879 1851 2933 animo2
