2020 3168
212 152 279 203 84
789 166 964 205 ηοω
991 166 1268 204 ΕΡΙΤΟΜΑ.

138 296 194 340 43
210 289 361 342 ducis
400 296 807 342 consenesceret
838 290 912 339 im
951 297 1085 341 etus.
1125 307 1225 340 nec
1257 289 1458 342 diutius
1484 293 1687 361 profuit
1719 294 1872 346 ducis

210 358 442 412 salutare
477 358 777 410 consilium.
851 376 926 408 mi
949 375 1005 416 es
1051 359 1242 424 otium,
1291 359 1424 411 socii
1458 378 1689 429 moram,
1726 363 1873 432 prin-

207 428 354 497 cipes
386 427 645 479 ambitum
680 426 831 478 ducis
865 426 1234 496 increpabant.
1275 427 1354 479 sic
1425 425 1867 498 raecipitantibus

206 496 333 547 fatis
366 496 570 565 proelio
606 501 816 564 sumpta
834 494 1118 547 Thessalia
1152 502 1258 561 est,
1301 503 1353 547 et
1424 496 1694 567 hilippicis
1730 516 1869 550 cam-

204 565 287 633 pis
322 564 489 630 urbiS,
527 565 602 615 im
642 564 756 629 erii,
793 565 1007 632 generis
1030 563 1250 615 humani
1278 563 1392 616 fata
1424 567 1708 618 commissa
1728 573 1867 619 sunt.
1901 584 1922 616 5

137 642 194 681 44
209 650 499 702 numquam
551 632 609 684 ul
632 650 662 685 o
716 631 834 685 loco
886 639 1095 684 tantum
1139 634 1339 684 virium
1394 633 1581 704 populi
1625 635 1870 702 Romani,

203 708 412 753 tantum
448 701 728 770 dignitatis
774 701 1017 754 Fortuna
1062 703 1329 771 respexit:
1367 709 1610 755 trecenta
1641 704 1872 774 amplius

203 770 352 822 milia
386 770 512 822 hinc
539 770 628 822 vel
660 769 809 822 illinc
836 778 1049 840 praeter
1085 770 1304 838 auxilia,
1339 789 1495 840 reges
1527 779 1580 824 et
1610 780 1870 825 senatum.

132 853 188 893 45
204 857 495 910 numquam
551 840 861 891 inminentis
884 891 894 894 ,
915 840 1102 891 ruinae
1171 839 1542 894 manifestiora
1629 841 1870 910 rodigia:

176 908 335 976 'fuga
378 909 744 975 victimarum,
792 910 1041 961 examina
1085 909 1142 960 in
1191 910 1386 978 signiS,
1438 910 1578 962 inter
1621 911 1675 963 ‘u
1722 918 1926 962 tene-10

201 977 351 1029 brae.
429 977 542 1029 dux
583 979 701 1046 ipse
736 979 794 1029 in
828 985 1090 1031 nocturna
1122 978 1356 1046 imagine
1392 978 1641 1048 plausum
1674 979 1872 1031 theatri

203 1047 287 1097 sui
323 1046 547 1097 audiens
584 1046 641 1096 in
677 1052 897 1098 modum
929 1045 1176 1116 planctus
1215 1047 1638 1100 circumsonatus
1673 1056 1726 1099 et
1760 1066 1868 1100 ma-

201 1133 270 1166 ne
320 1133 441 1166 cum
471 1114 618 1184 pullo
667 1114 832 1184 pallio
863 1145 936 1154 —-
970 1114 1123 1166 nefas
1160 1145 1231 1154 —-
1256 1121 1395 1192 ⁸aput
1475 1116 1703 1186 rincipia
1746 1134 1870 1169 con-

130 1196 186 1238 46
203 1190 417 1253 spectus
451 1190 548 1235 cst.
622 1201 914 1253 numquam
962 1184 1138 1237 acrior
1182 1201 1355 1265 neque
1392 1133 1620 1236 allacrior
1667 1187 1869 1237 exerci-

199 1260 288 1304 tus
329 1251 579 1304 Caesaris
616 1252 746 1320 fuit3
782 1252 908 1304 inde
944 1251 1171 1304 classica
1205 1270 1355 1323 prius
1366 1293 1380 1320 ,
1419 1253 1545 1306 inde
1574 1253 1699 1306 tela.
1775 1254 1926 1307 ad-15

201 1328 443 1374 notatum
489 1339 702 1391 quoque
748 1322 1125 1374 committentis
1183 1322 1355 1373 aciem
1402 1322 1637 1375 Crastini
1681 1322 1864 1394 pilum,
2011 1357 2015 1410 Ι

203 1392 296 1461 qui
329 1408 458 1443 mox
491 1390 681 1442 adacto
728 1392 786 1442 in
823 1408 882 1444 os
919 1389 1127 1459 gladio,
1176 1391 1253 1442 sic
1299 1391 1439 1443 inter
1482 1391 1749 1444 cadavera
1784 1411 1866 1444 re-

200 1467 385 1530 pertus
425 1466 533 1511 est:
583 1459 865 1512 libidinem
900 1477 964 1511 ac
994 1459 1201 1511 rabiem
1236 1477 1342 1530 qua
1375 1468 1711 1530 pugnaverat
1746 1462 1867 1531 ipsa

133 1543 187 1582 47
204 1530 444 1581 novitate
485 1529 724 1581 volneris
771 1528 1129 1598 praeferebat.
1205 1527 1302 1581 sed
1345 1547 1445 1580 nec
1487 1531 1663 1581 minus
1699 1529 1865 1582 admi—

200 1597 423 1650 rabilior
457 1598 602 1650 illius
640 1598 817 1649 exitus
851 1596 1000 1649 belli.
1040 1599 1236 1668 quippe
1265 1616 1386 1649 cum
1404 1598 1690 1668 Pompeius
1729 1598 1863 1651 adeo
1883 1607 1923 1639 2⁶

202 1686 229 1718 e
269 1668 440 1719 uitum
498 1668 652 1737 copia
696 1666 1016 1733 abundaret,
1072 1674 1133 1719 ut
1186 1666 1345 1719 facile
1403 1668 1863 1720 circumventurus

129 1741 186 1782 48
203 1687 308 1788 sibi
347 1735 637 1789 Caesarem
671 1736 971 1803 videretur,
1011 1737 1406 1788 circumventus
1444 1737 1562 1806 ipse
1589 1743 1685 1788 est.
1739 1754 1865 1788 nam

201 1824 322 1857 cum
358 1805 451 1857 diu
486 1823 656 1875 aequo
692 1805 867 1858 Marte
903 1805 1310 1871 contenderent,
1348 1805 1602 1876 iussuque
1639 1805 1863 1876 Pompei

202 1874 421 1927 effusius
459 1892 490 1924 a
526 1892 693 1926 cornu
727 1875 995 1943 erupisset
1031 1874 1325 1944 equitatuS,
1372 1881 1592 1944 repente
1629 1874 1755 1927 hinc
1793 1876 1861 1927 si·

199 1962 306 2012 gno
355 1943 477 2001 dato
538 1943 930 1996 Germanorum
981 1942 1225 1996 cohortes
1279 1950 1488 1995 tantum
1543 1945 1600 1995 in
1667 1944 1860 1996 effusos
1878 1955 1919 1988 25

201 2015 406 2083 equites
444 2011 621 2064 fecere
656 2013 928 2082 impetum,
965 2019 1026 2064 ut
1059 2012 1141 2065 illi
1176 2030 1293 2065 esse
1329 2013 1552 2083 pediteS,
1584 2012 1641 2064 hi
1675 2013 1862 2064 venire

130 2087 186 2128 49
202 2082 260 2133 in
305 2082 455 2151 equis
502 2081 831 2133 viderentur.
906 2082 1046 2133 hanc
1088 2089 1322 2150 stragem
1356 2082 1613 2150 fugientis
1662 2082 1862 2152 equita·

197 2158 283 2202 tus
320 2150 457 2201 levis
506 2158 807 2203 armaturae
853 2152 1010 2202 ruina
1045 2151 1295 2203 comitata
1341 2157 1449 2218 est3
1488 2157 1615 2202 tunc
1658 2158 1861 2203 terrore

198 2221 357 2271 latius
397 2218 545 2286 dato,
589 2219 933 2272 turbantibus
968 2221 1202 2271 invicem
1239 2237 1300 2272 co
1341 2220 1437 2285 iis,
1483 2219 1692 2290 reliqua
1729 2226 1860 2271 stra-

199 2306 295 2356 ges
323 2289 477 2358 quasi
497 2306 605 2339 una
639 2306 802 2340 manu
835 2289 980 2340 facta
1012 2297 1117 2356 est3
1147 2307 1247 2340 nec
1279 2238 1390 2339 uxila
1424 2307 1510 2340 res
1537 2289 1709 2357 magis
1750 2289 1860 2340 exi·
1879 2305 1919 2337 30

127 2368 183 2409 50
198 2358 274 2409 tio
310 2357 414 2408 fuit
484 2375 608 2408 uam
643 2358 761 2427 ipsa
792 2359 1059 2410 exercitus
1097 2357 1427 2426 magnitudo,
1483 2357 1679 2409 multus
1712 2358 1768 2408 in
1800 2376 1860 2409 eo

197 2426 402 2494 proelio
499 2444 652 2478 aesar
698 2426 801 2478 fuit
841 2427 1156 2497 mediusque
1200 2429 1340 2478 inter
1384 2427 1762 2496 imperatorem
1811 2434 1862 2477 et

199 2494 439 2546 militem.
513 2513 673 2547 voces
717 2514 927 2566 quoque
964 2495 1324 2565 obequitantis
1371 2502 1644 2565 acceptae,
1693 2494 1862 2546 altera

200 2570 449 2631 cruenta,
501 2563 596 2616 sed
632 2564 789 2616 docta
824 2573 876 2616 et
912 2565 982 2617 ad
1017 2566 1298 2617 victoriam
1328 2564 1521 2618 efficax
1561 2564 1744 2615 emiles
1783 2563 1859 2615 fa-

202 2634 338 2684 ciem
372 2633 531 2684 feri!'
566 2632 734 2684 altera
770 2634 841 2686 ad
875 2635 1215 2686 iactationem
1249 2634 1524 2703 conposita
1560 2639 1749 2702 ‘parce
1786 2634 1856 2684 ci·
1874 2642 1915 2676 35

132 2709 182 2750 51
200 2701 419 2753 vibus!'
457 2719 578 2752 cum
612 2703 729 2771 ipse
767 2711 1078 2773 sequeretur
1102 2702 1317 2755 felicem
1343 2709 1629 2771 utcumque
1666 2703 1722 2752 in
1750 2719 1857 2753 ma-

202 2770 268 2820 lis
306 2770 645 2839 Pompeium,
695 2772 741 2822 si
787 2772 974 2824 eadem
1009 2773 1186 2842 ipsum
1232 2789 1367 2853 quae
1414 2771 1706 2823 exercitum
1744 2770 1856 2821 eius

204 2837 419 2891 fortuna
451 2840 722 2891 traxisset.
798 2848 1067 2895 sunerstes
1107 2840 1385 2894 diarmtatis
1431 2856 1558 2891 suae
1593 2840 1755 2906 vixit,
1799 2846 1858 2890 ut
