2020 3168
735 198 779 265 Ι,
798 202 865 250 45
893 197 997 270 [111,
1024 198 1126 270 10].
1258 266 1261 268 ,
1435 242 1441 244 s
1696 202 1761 253 61

92 340 241 393 nullo
270 339 443 408 magis
470 338 701 408 exprimi
727 343 905 408 potest
933 354 1094 407 quam
1123 336 1280 407 quod,
1308 335 1463 388 elatis
1495 354 1657 406 super
1678 355 1764 389 ca-

128 418 188 462 ut
207 409 371 461 scutis
397 425 519 460 cum
549 424 607 459 se
626 405 895 458 testudine
918 404 1183 457 barbarus
1202 413 1427 474 tegeret,
1461 423 1621 474 super
1644 406 1765 475 ipsa

91 429 322 531 Romani
355 483 506 530 scuta
542 474 826 541 salierunt,
875 482 928 528 et
961 474 1088 527 inde
1122 477 1181 526 in
1216 473 1430 544 iugulos
1466 473 1636 543 gladii
1673 474 1763 527 de-

93 546 439 600 scendebant.
475 546 670 597 iterum
699 544 766 597 de
797 543 1068 597 Germano
1101 543 1355 597 Tencteri
1383 543 1762 614 querebantur.
1782 554 1840 595 14

53 629 75 662 ⁵
91 616 180 669 hic
198 633 328 668 vero
358 617 467 667 iam
488 613 691 667 Caesar
716 613 858 666 ultro
877 613 1162 666 Mosellam
1187 612 1371 665 navali
1397 620 1560 682 ponte
1591 620 1765 664 trans-

90 685 335 755 greditur
368 686 650 764 ipsumque
674 682 923 735 Rhenum
962 691 1015 735 et
1039 683 1187 736 Herc
1226 684 1332 734 niis
1369 681 1578 734 hostem
1607 700 1768 752 quae·

46 771 50 774 ·
90 756 163 807 rit
197 755 255 806 in
289 752 470 819 silv1s3
510 751 608 803 sed
642 753 700 803 in
737 751 905 803 saltus
942 769 1007 803 ac
1039 701 1265 821 paludes
1303 769 1436 820 gens
1466 752 1638 803 omnis
1666 750 1769 803 dif-

90 823 321 892 fugerat.
358 827 566 874 tantum
591 821 809 890 pavoris
839 821 1066 872 incussit
1095 820 1239 872 intra
1261 821 1435 890 ripam
1466 819 1644 872 subita
1661 820 1766 871 Ro·

89 909 250 945 mana
281 892 384 944 viS.
439 907 542 942 nec
578 889 744 942 semel
780 890 1002 942 Rhenus
1017 929 1032 957 ‚
1078 897 1160 942 set
1195 891 1392 942 iterum
1427 907 1663 959 quoque,
1715 895 1768 941 et
1790 892 1843 933 15

37 960 310 1032 mquidem
329 967 494 1031 ponte
521 958 664 1012 facto
692 966 1004 1029 penetratus
1027 967 1125 1012 est.
1160 959 1333 1011 maior
1366 958 1641 1029 aliquanto
1661 966 1766 1010 tre-

89 1030 314 1100 pidatio.
377 1031 575 1110 quippe
617 1047 738 1081 cum
782 1028 1031 1083 Rhenum
1077 1046 1233 1080 suum
1278 1029 1358 1080 sic
1399 1036 1565 1098 ponte
1612 1028 1768 1098 quasi

90 1101 216 1171 iugo
236 1106 450 1221 cagtum
467 1098 730 1165 viderent,
767 1098 828 1151 fu
867 1116 900 1149 a
932 1116 1117 1150 rursus
1148 1099 1207 1149 in
1236 1098 1401 1150 silvas
1438 1104 1490 1149 et
1524 1096 1766 1178 paludes,

92 1176 159 1235 et,
195 1186 298 1239 quo
365 1167 772 1222 acerbissimum
850 1168 1026 1220 aesari
1053 1167 1171 1235 fuit,
1204 1185 1315 1220 non
1348 1167 1501 1220 fuere
1530 1185 1622 1237 qu1
1650 1167 1767 1218 vin-

91 1245 359 1291 cerentur.

38 1324 79 1357 15
235 1306 499 1360 Omnibus
531 1313 677 1358 terra
707 1307 950 1387 marique
984 1307 1286 1376 peragratis
1322 1324 1407 1358 res
1449 1307 1562 1358 exit
1597 1305 1767 1358 Ocea·
1788 1311 1842 1354 16

90 1394 221 1428 num
256 1384 323 1442 et,
362 1376 520 1445 quasi
554 1374 645 1426 hic
679 1375 936 1427 Romams
976 1374 1122 1428 orbis
1160 1393 1269 1428 non
1307 1375 1399 1427 suf
1434 1383 1595 1441 ceret,
1635 1375 1765 1427 alte-

91 1463 210 1498 rum
263 1445 539 1515 cogitavit.
627 1443 800 1496 classe
865 1445 1032 1513 igitur
1089 1453 1383 1514 conparata
1426 1445 1768 1496 Britanniam

91 1515 284 1567 transit
324 1515 461 1566 mira
496 1513 799 1581 celeritate3
849 1515 1046 1584 quippe
1093 1515 1186 1584 qui
1228 1515 1391 1566 tertia
1424 1512 1616 1583 vigilia
1647 1531 1769 1565 cum

90 1584 425 1638 Morinorum
462 1583 714 1637 solvisset
757 1601 790 1634 a
820 1590 1002 1653 portu,
1048 1586 1224 1635 minus
1271 1601 1433 1654 quam
1462 1582 1639 1636 medio
1678 1582 1767 1634 die

34 1675 79 1708 20
95 1653 327 1707 insulam
359 1654 634 1722 ingressus
673 1659 769 1705 est.
818 1652 979 1722 plena
1014 1660 1167 1705 erant
1200 1652 1433 1705 tumultu
1466 1652 1675 1704 hostica
1704 1651 1765 1703 li·
1791 1648 1838 1688 ¹7

93 1731 226 1789 tora,
264 1730 317 1776 et
354 1722 680 1792 trepidantia
709 1722 780 1774 ad
816 1730 1160 1792 conspectum
1194 1724 1276 1775 rei
1311 1739 1488 1775 novae
1512 1729 1768 1792 carpenta

90 1792 407 1844 volitabant.
472 1792 654 1862 itaque
689 1791 975 1862 trepidatio
1021 1810 1119 1862 pro
1155 1793 1386 1844 victoria
1431 1791 1550 1843 fuit.
1618 1809 1768 1847 arma

94 1869 146 1913 et
183 1861 397 1915 obsides
435 1863 642 1932 accepit
679 1879 712 1912 a
740 1861 982 1931 trepidiS‚
1020 1868 1073 1913 et
1107 1861 1334 1914 ulterius
1366 1863 1512 1927 isset,
1547 1862 1654 1912 nisi
1685 1862 1764 1912 in·

91 1930 316 2000 probam
345 1930 573 1983 classem
609 1930 895 2000 naufragio
931 1932 1248 1999 castigasset
1279 1932 1544 1984 Oceanus,
1584 1948 1763 1982 rever—
1785 1933 1837 1975 18

35 2019 78 2052 25
95 2018 186 2052 sus
221 2000 387 2069 igitur
421 2001 477 2051 in
517 1999 776 2066 Galliam,
826 1999 999 2052 classe
1040 2002 1243 2053 maiore
1285 2002 1563 2070 auctisque
1595 2001 1765 2069 copiis

91 2071 148 2121 in
181 2069 410 2121 eundem
444 2087 630 2121 rursus
669 2069 947 2121 Oceanum
983 2069 1304 2139 eosdemque
1340 2088 1528 2123 rursus
1554 2069 1765 2135 Britan·

90 2157 205 2192 nos.
261 2137 563 2191 Caledonas
600 2145 813 2191 secutus
849 2139 908 2190 in
941 2138 1105 2191 silvas
1141 2157 1308 2191 unum
1380 2157 1557 2209 uoque
1588 2157 1658 2190 ex
1684 2157 1764 2190 re-

92 2207 249 2276 gibus
270 2208 305 2271 †
327 2207 578 2261 Casuella
595 2209 653 2259 in
670 2207 852 2260 vincla
874 2208 1037 2260 dedit.
1059 2215 1339 2261 contentus
1399 2209 1445 2259 is
1469 2209 1599 2279 (non
1619 2209 1761 2260 enim
1782 2219 1834 2260 19

92 2277 420 2347 provinciae,
456 2277 553 2329 sed
581 2278 786 2330 nomini
821 2277 1157 2349 studebatur)
1206 2296 1328 2330 cum
1362 2279 1565 2330 maiore
1603 2295 1766 2348 quam

0 2384 1 2400 ι
37 2360 79 2394 30
93 2347 241 2415 prius
278 2346 480 2415 praeda
515 2354 762 2398 revectus
801 2356 907 2414 est,
955 2349 1072 2417 ipso
1122 2366 1331 2418 quoque
1368 2347 1585 2400 Oceano
1622 2355 1765 2398 tran-

94 2415 260 2482 quillo
291 2416 463 2484 magis
494 2423 546 2467 et
571 2417 819 2486 propiti0‚
857 2418 1012 2488 quasi
1045 2418 1289 2487 inparem
1318 2418 1369 2470 ei
1398 2435 1456 2469 se
1486 2416 1762 2469 fateretur.

236 2484 345 2537 Sed
381 2487 618 2536 maxima
655 2487 890 2538 omnium
922 2486 1215 2557 eademque
1250 2488 1545 2540 novissima
1580 2486 1835 2538 conia-20

92 2555 230 2606 ratio
259 2554 363 2606 fuit
385 2553 686 2607 Galliarum
715 2557 1036 2608 communis:
1067 2558 1270 2626 pariter
1298 2556 1575 2609 Arvernos
1602 2562 1656 2607 at
1693 2572 1776 2608 ue,

93 2623 386 2692 BiturigaS,
426 2623 692 2676 Carnutas
727 2625 885 2677 simul
922 2624 1304 2696 Sequanosque
1330 2627 1615 2679 contraxit.
1659 2574 1760 2675 (liic
1779 2630 1831 2669 21

37 2711 79 2745 35
95 2709 317 2761 corpore
345 2694 508 2744 armis
535 2693 831 2763 spirituque
862 2694 1146 2761 terribilis,
1181 2697 1397 2748 nomine
1424 2697 1583 2748 etiam
1610 2693 1764 2764 quasi

96 2761 166 2813 ad
190 2769 451 2814 terrorem
478 2763 771 2831 conposit0‚
816 2764 1232 2832 Vercingetorix
1268 2764 1359 2816 ille
1392 2764 1543 2816 festis
1574 2763 1761 2814 diebus

99 2838 150 2881 et
184 2830 570 2897 conciliabuliS‚
606 2849 726 2882 cum
763 2832 1226 2903 frequentissimos
1258 2835 1313 2884 in
1352 2833 1486 2885 lucis
1522 2831 1760 2896 haberet,

96 2898 365 2951 ferocibus
397 2900 554 2952 dictis
589 2900 659 2952 ad
696 2902 777 2952 ius
813 2903 1099 2971 pristinum
1135 2902 1398 2955 libertatis
1430 2902 1619 2954 erexit.
1670 2899 1760 2952 ab·
1780 2916 1834 2955 22
