2020 3168
258 195 323 245 12
850 205 1027 246 nom
1047 204 1323 245 ΕΡῙΤΟΜΑ.

254 330 527 397 Veientes,
557 329 692 381 adeo
715 337 776 381 ut
808 330 1291 383 extraordinariam
1310 344 1527 379 manum
1544 328 1802 381 adversus
1831 346 1923 381 eos

255 400 564 469 promiserit
580 400 962 469 privatumque
979 398 1210 468 gesserit
1225 396 1428 449 bellum
1446 413 1580 464 gens
1595 414 1705 448 una
1726 397 1922 450 Fabio·
1957 409 1961 413 “

213 478 394 520 2rum.
444 468 573 518 satis
605 484 870 536 superque
892 474 1022 519 nota
1046 466 1244 518 clades,
1290 465 1435 517 caesi
1459 471 1586 534 aput
1616 464 1925 519 Cremeram

255 537 497 603 trecenti,
516 537 773 604 patricius
794 537 1092 602 exercitus3
1113 536 1191 586 sic
1211 534 1471 587 scelerato
1490 534 1701 602 signata
1711 536 1926 587 nomine

213 617 240 659 3
293 622 396 656 uae
432 604 834 673 proficiscentes
869 606 929 657 in
964 605 1228 675 proelium
1260 610 1418 674 porta
1455 602 1675 655 dimisit.
1728 602 1826 655 sed
1862 620 1964 656 eas

257 623 443 725 glades
472 672 784 743 ingentibus
814 675 1032 745 expiata
1059 675 1301 727 victoriis
1314 713 1329 740 ‚
1360 679 1645 743 postquam
1668 690 1766 742 per
1791 672 1926 726 alios

258 742 434 812 adque
446 742 581 796 alios
601 741 977 796 robustissima
996 760 1058 795 ca
1095 751 1152 795 ta
1171 750 1295 795 sunt
1315 741 1526 812 oppida,
1546 743 1698 794 vario
1711 741 1928 813 quidem

212 820 241 858 4
261 818 473 863 eventu.
531 811 735 864 Falisci
757 820 946 883 sponte
966 831 1024 864 se
1045 762 1382 878 dediderunt,
1401 818 1668 863 crematae
1686 828 1782 864 suo
1801 813 1928 879 igne
1991 844 1993 846 v

213 891 240 930 5
260 881 518 947 Fidenae,
557 881 754 951 direpti
789 881 1032 934 funditus
1078 881 1346 952 deletique
1383 880 1656 933 Veientes.
1723 879 1929 932 Falisci

260 967 381 1002 cum
402 949 791 1017 obsiderentur,
811 952 949 1002 mira
969 952 1047 1003 eis
1068 958 1149 1003 est
1166 952 1286 1003 visa
1303 950 1436 1002 fides
1449 951 1522 1000 im
1563 950 1803 1017 eratoriS,
1824 966 1925 1002 nec
1943 961 1984 995 m

256 1020 521 1086 inmerito,
590 1019 700 1072 uod
728 1020 843 1072 ludi
871 1022 1214 1089 magistrum,
1241 1018 1392 1071 urbis
1419 1036 1517 1088 pro
1561 1019 1774 1085 'torem,
1805 1036 1928 1071 cum
1992 1076 1995 1077 ⁷

255 1088 339 1140 his
362 1105 495 1157 quos
524 1105 556 1139 a
597 1088 826 1140 duxerat
844 1090 1033 1158 ¹*pueris
1053 1090 1294 1141 vinctum
1326 1088 1432 1140 sibi
1453 1086 1594 1140 ultro
1613 1089 1925 1140 remisisset.

212 1168 240 1210 6
258 1174 376 1209 eam
407 1174 639 1227 namque
668 1158 755 1209 vir
788 1165 1003 1209 sanctus
1037 1164 1090 1209 et
1120 1159 1333 1227 sapiens
1361 1173 1547 1208 veram
1576 1155 1781 1208 sciebat
1809 1173 1928 1208 esse

255 1227 553 1293 victoriam,
583 1243 720 1307 quae
740 1227 892 1278 salva
909 1226 1017 1279 fide
1049 1233 1101 1278 et
1117 1228 1330 1295 integra
1349 1226 1612 1295 dignitate
1629 1232 1926 1296 pareretur.

213 1310 239 1349 7
255 1294 500 1347 Fidenae
521 1313 647 1365 qma
660 1312 818 1366 pares
847 1314 957 1348 non
975 1302 1128 1348 erant
1142 1295 1303 1362 ferr0,
1333 1295 1403 1347 ad
1431 1301 1693 1348 terrorem
1712 1301 1988 1347 moven-15

257 1364 385 1416 dum
413 1364 624 1417 facibus
646 1372 883 1418 armatae
908 1372 961 1418 et
991 1364 1348 1418 discoloribus
1373 1366 1701 1436 serpentium
1730 1365 1790 1416 in
1819 1381 1929 1416 mo-

259 1433 387 1485 dum
422 1435 572 1486 vittis
610 1433 796 1486 furiali
830 1452 978 1487 more
1014 1441 1413 1505 processerant3
1453 1434 1550 1487 sed
1586 1433 1800 1486 habitus
1836 1432 1930 1484 ille

214 1512 242 1553 8
259 1501 443 1554 feralis
457 1504 754 1557 eversionis
768 1522 926 1556 omen
936 1504 1056 1556 fuit.
1078 1504 1184 1556 Vei
1204 1511 1405 1573 quanta
1420 1521 1509 1555 res
1529 1503 1708 1569 fuerit,
1727 1502 1931 1554 indicat

255 1571 509 1624 decennis
530 1571 758 1625 obsidio.
787 1580 900 1625 tum
918 1574 1150 1643 primum
1164 1572 1455 1625 hiematum
1474 1572 1572 1624 sub
1583 1571 1830 1642 pellibuS,
1849 1578 1927 1623 ta-

253 1647 383 1692 xata
406 1641 672 1711 stipendio
691 1641 933 1710 hiberna,
955 1642 1176 1695 adactus
1195 1642 1349 1695 miles
1379 1659 1476 1694 sua
1495 1648 1684 1712 sponte
1712 1642 1828 1693 iure
1845 1643 1923 1692 iu·
1941 1655 1987 1689 20

209 1721 237 1763 9
255 1709 425 1762 rando
444 1728 512 1762 ne
527 1712 634 1763 nisi
653 1719 809 1782 capta
823 1712 958 1764 urbe
976 1719 1256 1765 remearet.
1279 1711 1450 1782 spolia
1467 1711 1534 1763 de
1543 1711 1706 1763 Larte
1715 1710 1930 1762 Tolum-

253 1779 343 1831 nio
373 1797 504 1848 rege
534 1780 605 1832 ad
622 1780 926 1834 Feretrium
953 1781 1221 1852 triumpho
1241 1788 1529 1851 reportata.
1571 1780 1803 1850 denique
1820 1797 1931 1831 non

255 1847 416 1900 scalis
437 1867 538 1901 nec
567 1852 898 1920 inruptione,
930 1850 1026 1902 sed
1053 1850 1299 1903 cuniculo
1324 1858 1377 1903 et
1403 1850 1770 1903 subterraneis
1791 1848 1929 1902 dolis

187 1932 239 1974 10
253 1925 530 1987 peractum
556 1919 707 1971 urbis
740 1920 1027 1972 excidium.
1080 1937 1145 1971 ea
1178 1920 1410 1991 denique
1439 1922 1560 1973 visa
1590 1926 1671 1972 est
1695 1918 1930 1989 praedae

254 1987 584 2055 magnitudo,
607 1990 756 2040 cuius
779 1989 987 2041 decima
997 1988 1239 2059 Apollini
1255 1989 1453 2060 Pythio
1472 1991 1786 2055 mitteretur,
1807 1989 1924 2040 uni·
1942 2011 1986 2042 25

254 2074 551 2126 versusque
563 2057 792 2127 populus
805 2059 1077 2111 Romanus
1091 2058 1161 2110 ad
1181 2059 1535 2128 direptionem
1548 2057 1698 2110 urbis
1709 2074 1928 2110 vocare-

187 2135 239 2176 11
257 2131 361 2176 tur-
402 2125 504 2178 hoc
522 2133 651 2178 tunc
669 2127 774 2179 Vei
793 2127 962 2180 fuere.
993 2145 1137 2180 nunc
1155 2127 1324 2180 fuisse
1344 2130 1463 2198 quis
1482 2128 1724 2180 meminit
1737 2127 1764 2178 ἵ)
1791 2144 1928 2198 quae

252 2194 514 2264 reliquiae
531 2195 558 2246 P
600 2197 744 2266 quod
771 2197 1101 2266 vestigium?
1150 2196 1361 2250 laborat
1380 2197 1655 2250 annalium
1672 2196 1832 2262 fides,
1869 2202 1929 2247 ut

255 2263 420 2316 Veios
440 2264 607 2317 fuisse
629 2265 928 2319 credamuS.

622 2427 751 2480 VII.
801 2427 1110 2480 BELLVM
1147 2427 1553 2481 GALLICVM.
1941 2447 1985 2481 30

186 2525 250 2578 13
400 2533 508 2587 Hic
542 2537 657 2588 sive
688 2535 897 2588 invidia
927 2536 1085 2588 deum
1115 2538 1232 2589 sive
1261 2537 1372 2590 fato
1403 2538 1776 2608 rapidissimus
1807 2557 1926 2608 pro-

257 2605 524 2656 currentis
556 2606 768 2674 imperii
811 2623 999 2657 cursus
1029 2623 1317 2677 parumper
1347 2606 1626 2660 Gallorum
1656 2605 1927 2661 Senonum
2011 2637 2020 2679 Γῆ

215 2673 565 2726 2incursione
595 2692 692 2744 sup
731 2675 958 2727 rimitur.
1025 2675 1169 2745 quod
1200 2684 1410 2747 tempus
1450 2675 1648 2746 populo
1684 2676 1925 2730 Romano
2014 2679 2020 2738 ζ

255 2743 439 2794 nescio
467 2751 647 2795 utrum
679 2762 707 2796 c
730 2743 832 2796 ade
861 2744 1126 2796 funestius
1155 2745 1344 2812 fuerit,
1375 2763 1444 2797 an
1472 2746 1687 2797 virtutis
1718 2748 1925 2816 experi-
2013 2761 2020 2816 ξ

215 2822 242 2862 3
260 2813 455 2863 mentis
477 2814 789 2882 speciosius
839 2831 902 2865 ea
921 2821 1064 2866 certe
1090 2813 1194 2866 fuit
1211 2815 1296 2867 vis
1318 2814 1652 2881 calamitatiS,
1673 2822 1733 2867 ut
1756 2816 1813 2867 in
1833 2834 1922 2868 ex·
1937 2839 1981 2874 35
2013 2826 2020 2882 ξ

253 2881 613 2949 perimentum
643 2883 865 2935 inlatam
903 2890 1085 2953 putem
1117 2883 1404 2952 divinitus,
1450 2885 1587 2937 scire
1617 2883 1923 2938 volentibus
2011 2886 2020 2969 j·

2012 2993 2020 3055 j
