2020 3168
205 174 271 224 28
762 161 965 226 ¹'nom
991 186 1266 226 ΕΡΙΤΟΜΑ.

203 311 532 381 percutiunt,
571 310 873 380 praefectos
901 311 1121 362 navium
1157 312 1284 378 igne
1312 311 1659 380 comburunt3
1688 312 1748 365 id
1783 331 1870 380 ue,

161 383 190 422 4
207 397 310 449 quo
331 378 606 447 indignius
632 379 787 445 foret,
807 379 1000 430 mulier
1023 379 1324 448 imperavit.
1367 379 1549 449 itaque
1570 381 1725 436 Grneo
1792 381 1874 433 ul-

203 449 294 500 vio
332 447 631 500 Centimalo
662 447 797 498 duce
826 446 932 498 late
961 447 1261 499 domantur.
1320 448 1536 500 strictae
1572 466 1786 510 secures
1815 451 1874 501 in

203 517 504 586 principum
523 515 662 568 colla
680 515 980 584 legatorum
997 515 1246 568 manibus
1267 516 1511 568 litavere.

354 623 545 676 XXII.
583 623 892 676 BELLVM
920 622 1263 677 PVNICVM
1291 622 1720 681 SECVNDVM.
1892 642 1915 675 5

89 738 151 794 11,
167 727 201 778 6
342 727 475 780 Post
501 728 734 797 primum
759 726 1025 780 Punicum
1057 726 1261 779 bellum
1285 729 1384 780 vix
1413 729 1757 799 quadriennii
1791 746 1875 780 re-

204 797 381 867 quies:
415 814 538 848 ecce
559 796 787 848 alterum
813 796 1031 863 bellum,
1056 797 1233 848 minus
1254 797 1472 867 quidem
1492 798 1666 867 spatio
1685 828 1757 837 —-
1772 815 1876 849 nec

204 866 346 917 enim
363 865 591 934 amplius
617 865 803 918 decem
822 872 874 917 et
893 872 1011 918 octo
1031 883 1200 918 annos
1220 865 1384 917 habet
1399 896 1485 934 ·--,
1508 865 1606 919 sed
1620 866 1755 918 adeo
1769 866 1875 918 cla-

203 933 352 986 dium
389 936 668 986 atrocitate
705 933 1018 1000 terribilius,
1049 940 1125 1000 ut,
1162 934 1210 985 si
1245 935 1364 1004 quis
1395 935 1639 987 conferat
1676 934 1873 987 damna

201 1003 482 1072 utriusque
540 1002 701 1071 opuli,
737 1003 962 1054 similior
978 1004 1123 1055 victo
1145 1004 1214 1053 sit
1231 1003 1463 1071 populus
1493 1004 1586 1055 ille
1607 1004 1699 1073 qui
1718 1005 1868 1055 vicit.
1889 1017 1930 1051 1⁰

161 1071 395 1127 2urebat
422 1089 492 1122 no
534 1071 661 1122 ilem
689 1071 948 1140 populum
969 1089 1117 1123 mare
1143 1070 1406 1138 ablatum,
1441 1080 1630 1140 raptae
1647 1071 1871 1138 insulae,

207 1140 335 1192 dare
371 1139 589 1205 tributa,
628 1158 764 1209 quae
808 1139 994 1191 iubere
1033 1147 1405 1191 consueverat.
1453 1140 1582 1192 hinc
1612 1139 1874 1192 ultionem

201 1226 337 1290 puer
352 1208 593 1260 Annibal
626 1209 695 1260 ad
726 1226 876 1260 aram
941 1210 1070 1260 atris
1093 1209 1382 1275 iuraverat,
1412 1226 1514 1261 nec
1542 1208 1870 1261 morabatur.

160 1278 370 1346 31gitur
399 1278 456 1328 in
487 1294 704 1329 causam
720 1277 852 1329 belli
910 1285 1141 1346 aguntos
1172 1276 1344 1329 electa
1368 1286 1464 1344 est,
1491 1285 1648 1330 vetus
1675 1277 1871 1347 Hispa-

201 1348 324 1398 niae
343 1346 535 1397 civitas
565 1354 617 1397 et
636 1346 890 1415 opulenta
911 1346 1145 1417 fideique
1174 1363 1305 1414 erga
1325 1345 1594 1398 Romanos
1613 1364 1869 1416 magnum
1888 1363 1930 1397 15

159 1427 189 1465 4
205 1415 422 1486 quidem
441 1422 521 1466 set
537 1416 690 1466 triste
708 1416 1105 1480 monimentum,
1178 1432 1303 1467 uam
1331 1416 1388 1466 in
1407 1415 1712 1467 libertatem
1731 1433 1870 1468 com-

201 1485 353 1547 muni
381 1483 599 1536 foedere
631 1492 912 1553 exceptam
937 1434 1201 1550 Annibal,
1246 1501 1436 1536 causas
1465 1501 1730 1536 novorum
1760 1501 1870 1537 mo-

202 1560 354 1604 tuum
383 1570 670 1622 quaerenS,
704 1560 756 1604 et
787 1554 896 1604 suis
927 1561 980 1605 et
1006 1555 1245 1623 ipsorum
1272 1552 1520 1604 manibus
1553 1554 1771 1618 evertit,
1810 1560 1871 1605 ut

160 1624 187 1664 5
202 1621 415 1673 Italiam
435 1620 541 1673 sibi
559 1629 715 1690 rupto
736 1621 955 1674 foedere
972 1624 1220 1692 aperiret.
1242 1639 1447 1673 summa
1465 1621 1745 1674 foederum
1765 1621 1869 1674 Ro-

201 1690 373 1742 manis
392 1690 582 1759 religio
605 1698 709 1758 est3
730 1691 910 1760 itaque
929 1691 999 1743 ad
1018 1691 1260 1743 auditum
1278 1691 1455 1743 sociae
1475 1691 1709 1742 civitatis
1730 1690 1869 1742 obsi·
1884 1709 1929 1743 20

203 1759 364 1826 dium,
385 1777 647 1812 memores
667 1761 760 1811 icti
782 1777 901 1811 cum
919 1760 1116 1812 Poenis
1137 1777 1347 1829 quoque
1366 1759 1618 1825 foederiS‚
1639 1777 1749 1811 non
1767 1767 1870 1811 sta—

200 1830 298 1880 tim
328 1828 399 1881 ad
417 1846 565 1879 arma
583 1837 919 1898 procurrunt,
954 1829 1081 1881 dum
1109 1829 1261 1898 prius
1288 1845 1437 1880 more
1457 1828 1697 1896 legitimo
1753 1830 1871 1880 ueri

152 1906 180 1948 6
199 1896 422 1949 malunt.
445 1901 712 1960 Saquntim‘
730 1898 944 1949 interim
960 1899 1068 1950 iam
1080 1915 1274 1950 novem
1294 1896 1571 1949 mensibus
1584 1897 1717 1949 fessi
1752 1914 1870 1949 ame

202 1966 465 2018 machinis
487 1966 646 2033 ferr0,
666 1984 826 2018 versa
847 1967 973 2019 deni
1011 1984 1079 2019 ue
1099 1968 1156 2018 in
1173 1965 1379 2018 rabiem
1397 1965 1504 2017 fide
1524 1966 1795 2018 inmanem
1810 1966 1868 2017 in

201 2034 319 2087 foro
341 2036 579 2087 excitant
600 2054 806 2104 rogum,
836 2043 951 2087 tum
976 1986 1212 2105 desuper
1232 2052 1289 2086 se
1308 2052 1541 2104 suosque
1560 2052 1682 2086 cum
1701 2035 1866 2087 omni·
1881 2056 1925 2090 25

157 2117 183 2156 7
202 2103 303 2155 bus
325 2104 518 2173 opibus
539 2105 649 2156 suis
678 2104 822 2157 ferro
856 2113 908 2156 et
936 2106 1063 2174 igne
1093 2110 1456 2172 corrumpunt.
1505 2103 1665 2155 huius
1685 2111 1866 2155 tantae

199 2172 370 2224 cladis
388 2181 573 2225 auctor
589 2172 831 2225 Annibal
850 2176 1107 2243 poscitur.
1156 2171 1644 2241 tergiversantibus
1668 2172 1866 2224 Poenis

199 2241 312 2292 dux
329 2241 614 2311 legationis
647 2248 828 2312 ‘quae’
858 2243 1034 2313 inquit
1064 2250 1237 2295 ‘mora
1253 2240 1376 2293 est?
1408 2239 1648 2312 [Fabius]
1678 2242 1736 2292 in
1765 2241 1867 2294 hoc
1914 2296 1916 2298 ,

199 2327 298 2377 ego
329 2311 451 2362 sinu
479 2310 683 2362 bellum
712 2329 901 2380 pacem
938 2330 1006 2363 ue
1033 2319 1214 2381 port03
1242 2318 1423 2362 utrum
1452 2309 1651 2378 eligitis
1666 2309 1713 2361 ‘P'
1749 2328 1866 2363 suc-

198 2377 553 2431 clamantibus
572 2379 789 2447 bellum,
815 2380 903 2432 ‘be
946 2399 1037 2432 um
1056 2382 1243 2450 igitur'
1274 2379 1450 2449 inquit
1470 2380 1757 2448 ‘accipite'
1811 2386 1863 2431 et
1879 2394 1922 2428 30

200 2464 429 2501 excusso
456 2449 515 2500 in
542 2447 720 2500 media
739 2450 888 2500 curia
914 2457 1073 2518 togae
1103 2449 1307 2518 gremio
1338 2465 1447 2499 non
1480 2449 1596 2499 sine
1625 2448 1863 2513 horrore,

200 2517 355 2585 quasi
410 2516 533 2569 lane
552 2519 674 2570 sinu
690 2515 892 2570 bellum
910 2518 1091 2584 ferret,
1113 2517 1317 2570 effudit.

342 2535 542 2638 Similis
563 2587 739 2638 exitus
758 2586 888 2638 belli
909 2588 1076 2639 initiis
1100 2587 1221 2639 fuit.
1273 2604 1399 2637 nam
1428 2585 1583 2655 quasi
1611 2584 1709 2635 has
1728 2584 1863 2635 infe-

196 2654 306 2705 rias
328 2654 433 2706 sibi
452 2653 873 2724 Saguntinorum
889 2657 1110 2709 ultimae
1131 2656 1281 2708 dirae
1311 2656 1369 2706 in
1388 2654 1481 2706 illo
1500 2652 1718 2723 publico
1742 2670 1863 2721 par-

195 2722 387 2774 ricidio
408 2724 763 2794 incendioque
781 2726 1142 2791 mandassent,
1173 2726 1251 2776 ita
1279 2723 1526 2775 manibus
1555 2739 1739 2775 eorum
1766 2738 1859 2773 va·
1875 2733 1918 2768 3⁵

199 2792 429 2843 statione
447 2792 656 2858 Italiae,
677 2794 990 2862 captivitate
1008 2794 1245 2860 Africae,
1268 2793 1463 2845 ducum
1483 2798 1535 2843 et
1556 2808 1746 2858 regum
1771 2790 1864 2860 qui

151 2870 182 2913 9
196 2857 254 2910 id
273 2876 490 2928 gessere
507 2860 710 2913 bellum
731 2863 895 2914 exitio
915 2870 1254 2932 parentatum
1274 2868 1370 2913 est.
1398 2861 1563 2929 igitur
1581 2859 1677 2911 ubi
1698 2859 1861 2911 semel

155 2589 183 2630 8
