2020 3168
151 272 189 307 x
883 230 1211 302 PRAEFATiO
1218 289 1230 301 .

147 387 380 446 yissimum
409 382 501 442 fuit
522 382 686 427 Italiae
709 394 750 425 s.
776 383 922 426 interi.
961 382 1015 426 B.
1076 381 1146 426 (tf.
1177 396 1224 439 p.
1250 384 1306 428 56
1324 416 1334 436 ,
1371 386 1427 428 21
1454 385 1589 427 totam
1614 396 1706 441 qua
1743 383 1962 428 latissima

149 459 218 500 est
233 454 389 498 Asiam
410 456 705 509 perimamus,
734 464 782 507 p.
813 455 892 506 51,
927 455 985 497 20
1004 455 1092 495 etc.
1138 451 1281 495 Paulo
1303 456 1410 507 post
1428 463 1474 497 v.
1497 454 1551 499 17
1570 453 1716 496 verba
1742 463 1888 511 neque
1913 451 1963 497 id

144 525 255 582 fieri
271 522 470 567 Annibal
483 521 691 573 senserit,
721 533 839 576 quae
865 521 997 565 salva
1018 520 1245 564 sententia
1267 521 1435 564 abesse
1454 525 1669 577 poterant
1683 555 1694 575 ‚
1719 519 1756 564 B
1777 521 1824 567 in
1842 533 1963 565 mar·

150 593 258 651 gine
279 592 440 644 habet,
473 589 559 633 sed
579 588 794 633 videntur
814 601 841 631 a
858 590 1008 645 prima
1033 602 1174 633 manu
1193 590 1424 646 suppleta.
1449 615 1521 623 —
1547 591 1626 644 33,
1646 593 1703 636 31
1727 590 1963 647 utriusque

148 662 309 706 classis
333 663 491 703 castra
509 657 589 701 BI:
618 659 852 716 utriusque
869 662 1028 702 castra
1057 657 1153 703 ΝΟ.
1225 658 1422 702 Videtur
1448 659 1611 703 classis
1646 657 1768 703 idem
1789 692 1800 714 ,
1836 657 1963 716 quod

149 735 221 774 est
257 730 496 780 exercitus,
537 726 820 785 significare.
852 751 924 758 —
957 731 1029 784 34,
1055 731 1111 774 25
1131 728 1248 773 velut
1275 728 1390 786 BIp:
1427 728 1562 773 veluti
1582 726 1681 772 ΝΟ.
1706 752 1775 758 -
1812 731 1884 781 34,
1903 729 1962 774 37

147 807 191 843 et
227 800 330 855 ipsa
365 797 471 842 NO:
523 796 587 840 ad
620 798 723 853 ipsa
762 796 799 840 B
840 797 968 851 (ante
1010 797 1073 841 ad
1104 798 1331 843 vocabulo
1369 793 1557 852 eraso);
1601 802 1644 841 et
1683 797 1747 841 ad
1779 799 1882 854 ipsa
1903 797 1959 851 >I;

146 869 198 912 id
224 871 291 912 est
319 869 421 923 ipsa
449 865 812 910 Freinshemius.
850 889 922 898 —
954 870 1035 920 35,
1064 870 1091 913 6
1118 871 1161 910 et
1189 867 1242 922 (i.
1268 881 1308 910 e.
1345 868 1498 922 etiam)
1519 865 1867 912 Lacedaemona
1895 864 1960 910 B:

145 941 192 983 et
231 950 321 982 om,
343 935 442 982 ΝΟ.
514 935 587 980 Ab
608 935 795 992 ingenio
815 935 850 979 F
853 936 937 980 lori
960 948 1054 979 non
1088 935 1273 980 videtur
1299 936 1547 981 abhorrere
1568 934 1727 980 addito
1757 940 1799 980 et
1814 936 1959 979 Lace-

149 1008 382 1052 daemona
403 1009 586 1063 praeter
609 1004 813 1062 reliquas
838 1006 977 1049 urbes
997 1005 1238 1050 extulisse.
1256 1029 1318 1037 —
1338 1009 1409 1060 35,
1430 1006 1485 1053 37
1505 1003 1964 1062 imperatorAnnibal

150 1075 403 1134 Hauptius:
435 1076 573 1119 miser
590 1074 788 1119 Annibal
803 1073 939 1119 ΒΝΟ.
969 1072 1034 1117 Cf.
1055 1074 1203 1119 IahnIi
1222 1075 1369 1132 praef.
1397 1088 1444 1132 p.
1465 1073 1653 1119 XXVII.
1689 1098 1760 1105 —
1787 1077 1871 1128 36,
1904 1077 1961 1120 14

146 1148 300 1204 aliquo
320 1145 373 1200 Β,
393 1146 542 1188 littera
561 1144 594 1188 d
615 1148 723 1201 post
748 1156 772 1187 o
796 1143 1128 1200 superscr1pta.
1149 1168 1219 1177 —
1239 1147 1322 1198 36,
1340 1148 1396 1190 25
1408 1156 1466 1188 ne
1488 1143 1575 1187 sibi
1589 1144 1807 1199 placeant
1822 1142 1960 1187 Athe-

146 1227 252 1269 nae,
272 1216 321 1258 in
343 1213 559 1258 Antiocho
582 1214 767 1258 vicimus
793 1211 991 1257 Xerxen
1012 1213 1275 1271 interpunxi
1293 1225 1305 1267 ;
1329 1212 1363 1257 Ο
1391 1211 1711 1270 postAthenae
1730 1225 1832 1256 cum
1850 1210 1962 1256 See-

146 1284 288 1329 bodio
317 1282 609 1327 exclamandi
641 1282 826 1340 signum
844 1281 1017 1339 posuit.
1036 1307 1105 1314 --
1133 1286 1190 1330 36
1205 1318 1216 1337 ,
1239 1285 1294 1329 27
1314 1282 1592 1327 Alcibiadem
1611 1281 1647 1326 B
1665 1292 1675 1324 ζ
1695 1281 1962 1325 Alcibiaden

145 1352 247 1400 No.
276 1377 344 1384 —
372 1355 444 1407 36,
471 1355 527 1399 37
549 1351 663 1396 haec
684 1352 833 1395 omnia
856 1351 919 1395 B:
954 1351 1069 1395 haec
1091 1365 1183 1396 om.
1206 1351 1303 1396 ΝΟ.
1334 1375 1394 1382 —
1434 1353 1506 1405 37,
1548 1355 1603 1398 13
1624 1352 1854 1408 omnisque
1872 1351 1961 1395 late

146 1421 441 1478 Cephallenia
456 1457 466 1476 ,
488 1420 746 1480 Zacynthos
763 1446 834 1453 —-
856 1447 929 1456 -—-
949 1420 1051 1465 belli
1070 1423 1270 1465 accessio
1291 1419 1488 1478 fuerunt
1504 1421 1538 1464 F
1542 1420 1868 1465 reinshemiuS.
1890 1443 1963 1450 -—

142 1494 218 1546 37,
243 1495 299 1539 31
322 1496 370 1535 at
397 1495 519 1535 certe
543 1494 732 1549 neyatus
755 1489 818 1534 O:
852 1490 942 1534 hac
965 1495 1097 1547 perte
1119 1495 1329 1549 neyatum
1346 1489 1382 1534 B
1405 1491 1548 1545 (corr.
1568 1490 1614 1533 in
1636 1492 1796 1546 aperte
1817 1501 1961 1547 περα-

147 1562 255 1616 tus),
282 1565 404 1605 certe
427 1566 618 1618 neqatus
636 1560 693 1604 Ν.
740 1559 968 1615 Equidem
989 1559 1172 1603 malim:
1194 1559 1374 1604 dubium
1392 1564 1458 1603 est
1467 1578 1484 1611 ,·
1517 1563 1639 1603 certe
1657 1561 1846 1616 neyatus
1872 1562 1960 1602 ete.

144 1652 215 1660 -—
250 1633 323 1684 38,
345 1634 401 1676 10
419 1634 628 1686 stuprum
642 1640 789 1686 passa
812 1628 872 1672 IN
889 1640 899 1672 :
930 1641 1077 1685 passa
1101 1642 1191 1672 om.
1211 1628 1263 1683 B,
1294 1628 1418 1673 unde
1441 1627 1475 1674 Ο
1497 1632 1724 1684 stuprata,
1762 1627 1959 1671 lectione

144 1697 356 1743 Iordanis
379 1700 609 1756 neglecta.
637 1722 709 1730 —-
746 1700 830 1752 38,
868 1702 921 1744 12
949 1698 1013 1742 ad
1040 1699 1252 1742 maritum
1271 1698 1354 1742 BI:
1388 1698 1452 1742 ad
1475 1699 1685 1742 maritum
1709 1709 1842 1741 suum
1862 1696 1960 1742 ΝΟ.

142 1790 214 1799 —-
241 1772 312 1823 38,
341 1773 399 1814 20
424 1769 472 1812 in
497 1781 574 1812 res
595 1780 707 1813 suas
729 1766 762 1812 Ο
787 1767 831 1810 in
853 1767 1035 1813 adnot.:
1062 1769 1108 1811 in
1133 1769 1258 1812 uires
1283 1780 1394 1811 suas
1411 1767 1505 1812 BN.
1530 1790 1600 1797 —-
1635 1770 1715 1821 39,
1747 1768 1776 1810 4
1797 1765 1967 1810 celebri

144 1838 359 1895 reliyione
386 1837 491 1882 BN:
519 1837 696 1883 delubri
717 1837 932 1894 reliyione
960 1836 994 1881 O
1027 1850 1086 1880 ex
1108 1837 1228 1880 coni.
1251 1837 1398 1883 Tollii.
1442 1836 1503 1881 At
1524 1836 1649 1879 nulla
1668 1847 1812 1879 eausa
1833 1834 1964 1879 vide-

144 1910 230 1962 tur,
250 1921 331 1951 cur
351 1908 486 1950 lectio
510 1907 648 1951 codd.
671 1907 948 1951 immutetur.
991 1907 1279 1950 AitFlorus:
1309 1907 1475 1951 Perses
1496 1906 1648 1950 victus
1669 1904 1849 1962 sugitin
1868 1917 1964 1948 ma-

143 1976 214 2019 ria
231 1976 543 2051 insulamque
576 1974 913 2022 Samothracen
951 1976 1094 2018 fretus
1134 1976 1303 2020 celebri
1335 1975 1562 2033 rengione
1595 1975 1801 2029 insulae,
1843 1986 1962 2031 quae

142 2033 249 2106 Esca
278 2044 424 2104 νῆσος
459 2047 692 2104 appellata
725 2046 795 2101 (v.
826 2043 962 2090 Diod
996 2045 1078 2098 ΙΙΙ,
1112 2046 1190 2099 55)
1223 2050 1382 2089 sancta
1421 2043 1692 2089 habebatui.
1767 2042 1964 2087 Accedit

142 2114 271 2171 quod
290 2116 428 2171 paulo
451 2120 558 2172 post
582 2116 746 2160 Floius
770 2114 979 2170 scripsit:
1012 2080 1078 2158 ab,
1089 2115 1162 2158 illo
1181 2128 1266 2172 quo
1289 2113 1564 2172 confuyerat
1591 2114 1830 2170 templo,
1870 2126 1962 2156 non

143 2184 401 2229 delubro.
425 2208 493 2215 —
518 2188 591 2240 39,
621 2188 648 2232 9
670 2185 771 2228 fort.
795 2195 1046 2242 nomenque
1069 2185 1116 2226 in
1141 2185 1328 2240 epistola
1356 2188 1536 2228 notare-t
1561 2196 1693 2228 suum
1713 2208 1779 2216 ——
1801 2185 1873 2237 39,
1908 2187 1961 2229 11

141 2254 188 2296 in
216 2253 419 2297 tribunal
436 2257 607 2311 recepit
625 2254 687 2298 H:
733 2256 781 2298 in
802 2253 1018 2298 tribunali
1038 2265 1136 2297 rec.
1157 2253 1235 2298 ΒΟ
1253 2266 1264 2308 ;
1289 2254 1338 2297 in
1355 2254 1565 2310 templum
1586 2265 1680 2297 rec.
1702 2253 1757 2297 N.
1797 2277 1854 2284 -ν
1888 2254 1960 2306 39,

139 2325 198 2367 32
231 2321 473 2377 Scodram]
512 2324 742 2368 scoridam
781 2321 816 2364 B
852 2336 1016 2367 rasura
1055 2337 1112 2366 ex
1145 2323 1406 2367 scoriadam
1439 2346 1511 2355 ——
1538 2325 1619 2378 40,
1656 2324 1681 2368 7
1719 2321 1963 2378 Philippus

141 2390 317 2434 Persae
332 2392 457 2448 filius
474 2393 537 2436 B:
564 2394 801 2450 philippus
821 2404 882 2436 esc
898 2392 1183 2437 similitudine
1205 2392 1402 2450 philippi
1411 2393 1775 2451 pseudofilzppus
1799 2391 1838 2434 N
1858 2403 1870 2445 ;
1901 2401 1961 2433 ex

138 2461 427 2504 similitudine
455 2461 661 2519 Philippi
681 2462 859 2507 Persae
879 2463 966 2518 filii
980 2462 1394 2519 Pseudophilippus
1426 2462 1477 2507 Ο.
1513 2486 1584 2494 -
1607 2464 1678 2514 40,
1711 2464 1765 2506 12
1800 2459 1960 2504 invali—

141 2529 227 2573 dus
243 2564 253 2584 ,
278 2531 440 2587 quique
465 2545 554 2575 non
585 2547 613 2576 a
638 2534 756 2578 veris
775 2531 966 2589 re9ibus,
1003 2531 1060 2576 ab
1085 2533 1158 2576 illo
1178 2533 1447 2590 imayinario
1468 2536 1564 2580 ets.
1586 2542 1694 2588 regye
1717 2532 1962 2586 superatus

140 2602 209 2641 est
234 2599 270 2641 H
307 2600 561 2645 secundum
594 2601 948 2647 Mommsenium
971 2602 1072 2658 (qui
1095 2602 1364 2659 proposuit:
1393 2602 1585 2660 reyibus,
1619 2604 1684 2644 est
1712 2599 1769 2642 ab
1792 2599 1864 2642 illo
1892 2621 1962 2628 --

140 2690 207 2697 —
238 2670 529 2725 superatus).·
565 2672 880 2728 invalidusque
919 2671 1217 2729 (invictusque
1251 2672 1314 2726 N)
1344 2685 1435 2716 non
1467 2686 1496 2716 a
1528 2672 1581 2725 (a
1615 2683 1704 2713 om.
1736 2667 1796 2722 B)
1841 2668 1962 2712 veris

145 2737 324 2793 reyibus
354 2739 439 2782 sed
465 2740 522 2783 ab
559 2743 632 2785 illo
661 2744 796 2798 imao.
836 2745 880 2783 et
909 2753 947 2786 s.
986 2753 1093 2799 re9e
1120 2745 1369 2798 superatus
1400 2746 1468 2785 est
1504 2742 1594 2795 (est
1629 2752 1719 2782 om.
1755 2738 1817 2791 N)
1849 2735 1928 2780 BN
1945 2748 1958 2789 3

139 2806 381 2863 invalidus,
419 2812 553 2866 atque
582 2824 671 2854 non
701 2825 729 2854 a
753 2825 795 2855 v.
817 2809 1009 2866 reyibus,
1030 2811 1114 2855 sed
1137 2811 1193 2854 ab
1213 2812 1289 2856 illo
1308 2835 1380 2843 —
1397 2834 1468 2842 —-
1486 2822 1590 2866 sup.
1619 2812 1684 2852 est
1704 2807 1753 2852 Ο.
1789 2830 1859 2838 ——
1887 2807 1959 2858 40,

142 2876 200 2920 14
225 2878 382 2921 consul
399 2876 604 2924 Metellus
624 2880 688 2923 B:
720 2879 905 2924 consule
926 2878 1105 2924 Metello
1133 2881 1227 2925 ΝΟ.
1258 2905 1327 2912 —-
1352 2884 1431 2933 41,
1463 2882 1518 2925 35
1550 2893 1637 2937 quo
1659 2876 1783 2933 (scil.
1813 2874 1959 2928 duce)

137 2944 288 2988 minus
313 2946 480 2991 credas
499 2948 562 2992 B:
591 2949 711 3008 quod
728 2951 876 2992 minus
900 2950 1066 2992 credas
1086 2949 1181 2993 ΝΟ.
1204 2974 1272 2979 -
1310 2952 1365 2995 42
1381 2984 1391 3003 ,
1422 2951 1447 2994 9
1471 2953 1513 2991 et
1543 2951 1601 2995 34
1628 2945 1868 2994 Corinthus
1893 2943 1958 2987 B:
