2020 3168
292 164 361 216 20
881 179 1057 219 mom
1077 179 1352 220 ΕΡΙΤΟΜΑ.

291 311 502 375 captam
520 302 710 356 urbem
740 321 772 354 a
790 303 1143 356 Praenestina
1177 323 1299 357 arce
1317 308 1597 375 prospexit
1625 317 1678 362 et
1707 328 1741 362 a
1773 311 1955 363 vicen-

291 375 425 426 simo
445 374 623 445 lapide
644 372 826 424 oculos
846 380 928 425 tre
967 374 1089 426 idac
1115 374 1349 427 civitatis
1378 374 1524 426 fumo
1543 394 1606 439 ac
1620 380 1844 449 pulvere
1874 380 1954 432 in-

217 444 273 486 25
288 444 475 513 plevit.
521 443 708 496 eodem
735 392 1028 512 posteazis
1058 451 1218 495 exuto
1251 444 1468 509 castris,
1499 443 1585 497 bis
1608 450 1788 501 saucio
1815 457 1868 501 et
1896 450 1954 504 in

291 512 575 566 Graeciam
595 529 745 563 suam
765 519 914 563 trans
933 530 1080 563 mare
1101 530 1164 564 ac
1180 520 1352 564 terras
1373 514 1576 583 fugato,
1596 535 1707 586 pax
1727 525 1780 570 et
1800 519 1951 588 quies

289 589 342 633 et
363 588 514 633 tanta
542 581 609 633 de
640 581 1060 649 opulentissimis
1088 588 1168 634 tot
1186 582 1436 651 gentibus
1467 586 1663 653 spolia,
1701 594 1760 639 ut
1783 589 1952 640 victo-
1985 593 2007 627 ⁵

216 653 272 695 26
287 651 423 702 riam
459 668 610 702 suam
637 651 810 702 Roma
827 668 936 703 non
966 658 1196 722 caperet.
1255 669 1356 704 nec
1391 653 1532 705 enim
1569 663 1770 709 temere
1810 656 1953 709 ullus

285 719 561 790 pulchrior
598 721 655 771 in
688 719 878 772 urbem
917 727 1009 772 aut
1043 721 1336 791 speciosior
1368 724 1668 794 triumphus
1710 727 1949 779 intravit.

211 783 267 824 27
285 796 410 842 ante
437 789 581 842 hunc
608 790 751 842 diem
779 789 915 841 nihil
929 798 1148 912 graeter
1171 807 1367 860 pecora
1384 793 1706 847 Vulscorum
1718 836 1733 862 ,
1754 813 1949 866 greges

287 857 631 925 Sabinorum,
653 867 908 929 carpenta
982 859 1232 928 allorum,
1258 862 1431 914 fracta
1456 862 1774 918 Samnitium
1797 883 1949 917 arma

283 928 549 980 vidisses:
587 936 701 980 tum
732 930 777 981 si
808 930 1049 999 captivos
1069 931 1365 1000 aspiceres,
1397 932 1647 1001 Molossi,
1679 934 1944 1001 Thessali,
1964 941 2005 976 ¹⁰

284 997 635 1063 MacedoneS,
674 998 928 1063 Brittius‚
967 999 1176 1069 Apulus
1207 1001 1381 1071 adque
1410 1002 1689 1071 Lucanus3
1729 1005 1775 1056 si
1802 1023 1948 1075 pom-

323 1084 432 1133 am,
483 1084 695 1132 aurum,
735 1084 996 1136 purpura,
1041 1069 1219 1136 signa,
1263 1069 1478 1122 tabulae
1519 1072 1947 1144 Tarentinaeque

216 1135 273 1178 28
328 1135 530 1188 eliciae.
591 1136 686 1188 sed
711 1135 847 1188 nihil
875 1135 1128 1189 libentius
1166 1138 1395 1208 populus
1432 1140 1705 1193 Romanus
1736 1159 1795 1194 as
1837 1144 1948 1195 exit

286 1221 445 1274 quam
463 1204 609 1271 illas,
641 1223 773 1276 quas
793 1206 870 1257 ita
885 1206 1162 1272 timuerat,
1194 1226 1314 1259 cum
1342 1208 1579 1262 turribus
1612 1211 1723 1263 suis
1739 1210 1809 1264 be
1829 1229 1943 1277 uas,

285 1291 421 1355 q·uae
461 1291 569 1326 non
605 1275 720 1328 sine
758 1294 919 1328 sensu
951 1277 1279 1346 captivitatis
1314 1280 1611 1332 summissis
1639 1279 1943 1333 cervicibus
1964 1288 2003 1320 ¹⁵

279 1350 515 1396 v1ctores
538 1362 701 1416 equos
724 1344 1102 1415 sequebantur.

690 1485 883 1539 XIIII.
921 1486 1231 1539 BELLVM
1248 1485 1535 1539 PICENS.

187 1589 259 1640 19
426 1585 615 1637 Omnis
641 1603 770 1638 mox
797 1584 958 1638 Italia
992 1604 1180 1656 pacem
1207 1584 1396 1637 habuit
1412 1617 1484 1626 -—
1502 1586 1632 1656 quid
1661 1587 1803 1638 enim
1826 1592 1948 1655 post

283 1653 575 1705 Tarentum
601 1654 779 1707 moliri
805 1655 1105 1708 auderent?
1123 1686 1194 1696 --
1223 1655 1330 1706 nisi
1359 1654 1503 1725 quod
1524 1654 1666 1707 ultro
1695 1655 1947 1725 persequi

237 1736 263 1775 2
282 1723 454 1775 socios
484 1722 717 1777 hostium
745 1725 965 1794 placuit.
1027 1724 1216 1776 domiti
1256 1741 1383 1792 ergo
1412 1723 1662 1776 Picentes
1705 1732 1757 1776 et
1784 1730 1943 1792 caput
1961 1733 2020 1766 20¹

279 1793 456 1860 gentis
504 1793 767 1845 Asculum
806 1793 1120 1863 Sempronio
1158 1793 1319 1858 duce,
1377 1794 1470 1863 qui
1509 1800 1771 1845 tremente
1807 1793 1947 1844 inter
2019 1832 2020 1863 ἢ

271 1861 544 1931 ΑΡιὋεεΙίιΠη
565 1881 752 1933 campo
773 1862 1048 1916 Tellurem
1070 1862 1226 1914 deam
1253 1863 1519 1932 promissa
1539 1862 1671 1915 aede
1691 1861 1944 1932 placavit.

578 1999 702 2052 XV.
751 1999 1059 2052 BELLVM
1092 1997 1640 2052 SALLENTINVM.

184 2107 257 2158 ΞΟ
416 2108 701 2161 Sallentini
712 2109 1026 2162 Picentibus
1040 2103 1211 2161 additi
1223 2115 1489 2179 caputque
1510 2108 1747 2176 regionis
1772 2107 1944 2158 Brun-

281 2178 477 2231 disium
500 2178 684 2230 inclito
704 2186 863 2248 portu
880 2178 955 2230 M.
976 2178 1146 2230 Atilio
1168 2178 1320 2230 duce.
1360 2179 1417 2229 in
1435 2177 1538 2229 hoc
1557 2177 1846 2229 certamine
1865 2177 1944 2228 vi·
1959 2189 2000 2222 2⁵

280 2249 479 2368 ctoriae
508 2249 741 2318 pretium
776 2247 1035 2318 templum
1065 2247 1170 2299 sibi
1204 2248 1444 2317 pastoria
1473 2245 1634 2298 Pales
1677 2245 1819 2298 ultro
1851 2263 1942 2315 po-

280 2334 430 2386 posc1
458 2356 470 2368 .

589 2426 743 2479 XVI.
787 2427 1095 2480 BELLVM
1113 2425 1626 2480 VOLSINIENSE.

190 2521 253 2570 21
419 2521 687 2574 Postremi
707 2522 1019 2575 Italicorum
1048 2524 1105 2574 in
1123 2522 1285 2575 fidem
1307 2540 1505 2575 venere
1530 2520 1786 2587 Volsinii,
1815 2539 1942 2589 opu-

281 2589 565 2642 lentissimi
584 2590 961 2658 Etruscorum,
997 2593 1053 2643 in
1094 2592 1327 2644 lorantes
1364 2610 1519 2662 opem
1549 2590 1808 2641 adversus
1832 2607 1940 2641 ser·
1955 2612 1990 2645 3c

279 2676 378 2711 vos
411 2660 681 2730 quondam
709 2678 859 2726 suOS,
899 2662 990 2730 qui
1022 2659 1060 2712 li
1103 2668 1325 2713 ertatem
1356 2679 1387 2712 a
1418 2659 1647 2712 dominis
1676 2658 1855 2710 datam
1884 2659 1941 2709 in

281 2728 427 2797 ipsos
459 2736 742 2780 erexerant
767 2729 1135 2799 translataque
1167 2731 1224 2781 in
1263 2748 1320 2782 se
1355 2748 1413 2781 re
1447 2727 1666 2798 publica
1705 2727 1940 2778 domina-

281 2795 494 2917 Rantmtx
542 2798 638 2849 sed
677 2797 737 2849 hi
766 2816 977 2869 quoque
1007 2798 1143 2850 duce
1170 2798 1343 2851 Fabio
1365 2798 1593 2866 Gurgite
1621 2812 1822 2864 poenas
1851 2795 1940 2847 de-

322 2882 452 2916 erun
480 2905 491 2918 .
1257 2899 1260 2901 -
