<?xml version="1.0" encoding="UTF-8"?>
<!DOCTYPE html PUBLIC "-//W3C//DTD XHTML 1.0 Transitional//EN"
    "http://www.w3.org/TR/xhtml1/DTD/xhtml1-transitional.dtd">
<html xmlns="http://www.w3.org/1999/xhtml" xml:lang="en" lang="en">
 <head>
  <title>
</title>
<meta http-equiv="Content-Type" content="text/html;charset=utf-8" />
  <meta name='ocr-system' content='tesseract 3.04.00' />
  <meta name='ocr-capabilities' content='ocr_page ocr_carea ocr_par ocr_line ocrx_word'/>
</head>
<body>
  <div class='ocr_page' id='page_1' title='image "./epitomaedetitoli00floruoft_0155.png"; bbox 0 0 2020 3168; ppageno 0'>
   <div class='ocr_carea' id='block_1_1' title="bbox 804 197 1888 240">
    <p class='ocr_par' dir='ltr' id='par_1_1' title="bbox 804 197 1888 240">
     <span class='ocr_line' id='line_1_1' title="bbox 804 197 1888 240; baseline -0.003 0"><span class='ocrx_word' id='word_1_1' title='bbox 804 200 1151 240; x_wconf 82' lang='lat' dir='ltr'><strong>PRAEFATIO.</strong></span> <span class='ocrx_word' id='word_1_2' title='bbox 1228 225 1231 228; x_wconf 94' lang='lat'><em>-</em></span> <span class='ocrx_word' id='word_1_3' title='bbox 1843 197 1888 237; x_wconf 67' lang='lat' dir='ltr'><em>V*</em></span> 
     </span>
    </p>
   </div>
   <div class='ocr_carea' id='block_1_2' title="bbox 27 312 1896 3018">
    <p class='ocr_par' dir='ltr' id='par_1_2' title="bbox 69 312 1896 436">
     <span class='ocr_line' id='line_1_2' title="bbox 69 312 1896 386; baseline -0.003 -18"><span class='ocrx_word' id='word_1_4' title='bbox 69 335 164 368; x_wconf 85' lang='lat' dir='ltr'><em>om.</em></span> <span class='ocrx_word' id='word_1_5' title='bbox 186 316 209 386; x_wconf 94' lang='grc' dir='ltr'>Η</span> <span class='ocrx_word' id='word_1_6' title='bbox 234 323 290 369; x_wconf 88' lang='grc'>27</span> <span class='ocrx_word' id='word_1_7' title='bbox 308 320 490 366; x_wconf 76' lang='lat' dir='ltr'><em>athlans</em></span> <span class='ocrx_word' id='word_1_8' title='bbox 516 322 563 365; x_wconf 88' lang='lat' dir='ltr'><em>in</em></span> <span class='ocrx_word' id='word_1_9' title='bbox 587 319 789 379; x_wconf 83' lang='lat' dir='ltr'><em>africam</em></span> <span class='ocrx_word' id='word_1_10' title='bbox 811 312 834 384; x_wconf 96' lang='grc' dir='ltr'>Η</span> <span class='ocrx_word' id='word_1_11' title='bbox 858 324 918 368; x_wconf 97' lang='grc'><em>30</em></span> <span class='ocrx_word' id='word_1_12' title='bbox 937 321 983 364; x_wconf 89' lang='lat' dir='ltr'><em>in</em></span> <span class='ocrx_word' id='word_1_13' title='bbox 1003 332 1116 379; x_wconf 85' lang='lat' dir='ltr'><em>scya</em></span> <span class='ocrx_word' id='word_1_14' title='bbox 1151 312 1173 383; x_wconf 95' lang='grc' dir='ltr'>Η</span> <span class='ocrx_word' id='word_1_15' title='bbox 1205 322 1263 366; x_wconf 88' lang='grc'><em>32</em></span> <span class='ocrx_word' id='word_1_16' title='bbox 1281 323 1325 363; x_wconf 88' lang='lat' dir='ltr'><em>et</em></span> <span class='ocrx_word' id='word_1_17' title='bbox 1340 320 1521 363; x_wconf 70' lang='lat' dir='ltr'><em>castrius</em></span> <span class='ocrx_word' id='word_1_18' title='bbox 1557 312 1581 382; x_wconf 94' lang='grc' dir='ltr'>Η</span> <span class='ocrx_word' id='word_1_19' title='bbox 1611 321 1670 366; x_wconf 74' lang='grc'>34</span> <span class='ocrx_word' id='word_1_20' title='bbox 1688 322 1732 363; x_wconf 86' lang='lat' dir='ltr'><em>el</em></span> <span class='ocrx_word' id='word_1_21' title='bbox 1752 329 1896 363; x_wconf 83' lang='lat' dir='ltr'><em>sanc-</em></span> 
     </span>
     <span class='ocr_line' id='line_1_3' title="bbox 70 391 406 436; baseline -0.006 0"><span class='ocrx_word' id='word_1_22' title='bbox 70 395 142 436; x_wconf 71' lang='lat' dir='ltr'><em>ms</em></span> <span class='ocrx_word' id='word_1_23' title='bbox 210 391 406 436; x_wconf 87' lang='lat' dir='ltr'><em>Eurotes</em></span> 
     </span>
    </p>

    <p class='ocr_par' dir='ltr' id='par_1_3' title="bbox 4 383 1887 729">
     <span class='ocr_line' id='line_1_4' title="bbox 163 383 1887 522; baseline -0.004 -15.676"><span class='ocrx_word' id='word_1_24' title='bbox 163 385 186 456; x_wconf 72' lang='grc' dir='ltr'>Η</span> <span class='ocrx_word' id='word_1_25' title='bbox 209 456 257 520; x_wconf 84' lang='grc'><em>6,</em></span> <span class='ocrx_word' id='word_1_26' title='bbox 295 463 324 506; x_wconf 91' lang='grc'>2</span> <span class='ocrx_word' id='word_1_27' title='bbox 359 383 516 504; x_wconf 61' lang='lat' dir='ltr'><em>Trl&#39;lton</em></span> <span class='ocrx_word' id='word_1_28' title='bbox 543 458 604 504; x_wconf 76' lang='lat' dir='ltr'><em>T:</em></span> <span class='ocrx_word' id='word_1_29' title='bbox 654 460 790 504; x_wconf 85' lang='lat' dir='ltr'><em>titron</em></span> <span class='ocrx_word' id='word_1_30' title='bbox 818 456 853 504; x_wconf 91' lang='grc' dir='ltr'>Ο</span> <span class='ocrx_word' id='word_1_31' title='bbox 894 451 917 522; x_wconf 95' lang='grc' dir='ltr'>Η</span> <span class='ocrx_word' id='word_1_32' title='bbox 958 461 986 506; x_wconf 89' lang='grc'><strong>6</strong></span> <span class='ocrx_word' id='word_1_33' title='bbox 1015 457 1150 503; x_wconf 84' lang='lat' dir='ltr'><em>Creta</em></span> <span class='ocrx_word' id='word_1_34' title='bbox 1177 457 1214 502; x_wconf 92' lang='lat' dir='ltr'>E</span> <span class='ocrx_word' id='word_1_35' title='bbox 1258 449 1280 521; x_wconf 95' lang='grc' dir='ltr'>Η</span> <span class='ocrx_word' id='word_1_36' title='bbox 1323 459 1351 503; x_wconf 90' lang='grc'><strong>7</strong></span> <span class='ocrx_word' id='word_1_37' title='bbox 1377 456 1558 501; x_wconf 85' lang='lat' dir='ltr'><em>Ebusus</em></span> <span class='ocrx_word' id='word_1_38' title='bbox 1585 457 1646 500; x_wconf 89' lang='lat' dir='ltr'><em>P:</em></span> <span class='ocrx_word' id='word_1_39' title='bbox 1692 454 1887 500; x_wconf 82' lang='lat' dir='ltr'><em>eubusus</em></span> 
     </span>
     <span class='ocr_line' id='line_1_5' title="bbox 70 519 1884 593; baseline -0.002 -20"><span class='ocrx_word' id='word_1_40' title='bbox 70 525 106 573; x_wconf 91' lang='grc' dir='ltr'>Ο</span> <span class='ocrx_word' id='word_1_41' title='bbox 137 520 159 593; x_wconf 95' lang='grc' dir='ltr'>Η</span> <span class='ocrx_word' id='word_1_42' title='bbox 195 531 223 576; x_wconf 88' lang='grc'>9</span> <span class='ocrx_word' id='word_1_43' title='bbox 243 529 315 573; x_wconf 88' lang='lat' dir='ltr'><em>tile</em></span> <span class='ocrx_word' id='word_1_44' title='bbox 334 526 394 584; x_wconf 89' lang='lat' dir='ltr'><em>C;</em></span> <span class='ocrx_word' id='word_1_45' title='bbox 437 527 634 574; x_wconf 89' lang='lat' dir='ltr'><em>ThuleE</em></span> <span class='ocrx_word' id='word_1_46' title='bbox 669 520 693 592; x_wconf 91' lang='grc' dir='ltr'>Η</span> <span class='ocrx_word' id='word_1_47' title='bbox 725 531 782 575; x_wconf 92' lang='grc'><em>10</em></span> <span class='ocrx_word' id='word_1_48' title='bbox 805 531 1003 586; x_wconf 86' lang='lat' dir='ltr'><em>propter</em></span> <span class='ocrx_word' id='word_1_49' title='bbox 1020 526 1109 571; x_wconf 86' lang='lat' dir='ltr'><em>has</em></span> <span class='ocrx_word' id='word_1_50' title='bbox 1142 519 1164 591; x_wconf 95' lang='grc' dir='ltr'>Η</span> <span class='ocrx_word' id='word_1_51' title='bbox 1200 531 1254 574; x_wconf 97' lang='grc'><em>11</em></span> <span class='ocrx_word' id='word_1_52' title='bbox 1288 525 1476 572; x_wconf 90' lang='lat' dir='ltr'><em>Olearos</em></span> <span class='ocrx_word' id='word_1_53' title='bbox 1502 525 1648 570; x_wconf 83' lang='lat' dir='ltr'><em>Tenos</em></span> <span class='ocrx_word' id='word_1_54' title='bbox 1668 523 1884 570; x_wconf 85' lang='lat' dir='ltr'><em>Oudend.</em></span> 
     </span>
     <span class='ocr_line' id='line_1_6' title="bbox 68 594 1886 656; baseline -0.003 -15"><span class='ocrx_word' id='word_1_55' title='bbox 68 596 132 642; x_wconf 87' lang='lat' dir='ltr'><em>ad</em></span> <span class='ocrx_word' id='word_1_56' title='bbox 160 597 332 656; x_wconf 86' lang='lat' dir='ltr'><em>Obseq.</em></span> <span class='ocrx_word' id='word_1_57' title='bbox 359 611 465 656; x_wconf 84' lang='lat' dir='ltr'><em>cap.</em></span> <span class='ocrx_word' id='word_1_58' title='bbox 498 595 554 643; x_wconf 81' lang='lat' dir='ltr'><em>C:</em></span> <span class='ocrx_word' id='word_1_59' title='bbox 585 596 725 656; x_wconf 82' lang='lat' dir='ltr'><em>faros</em></span> <span class='ocrx_word' id='word_1_60' title='bbox 752 597 935 642; x_wconf 84' lang='lat' dir='ltr'><em>tenedos</em></span> <span class='ocrx_word' id='word_1_61' title='bbox 960 594 1018 641; x_wconf 91' lang='lat' dir='ltr'><em>C:</em></span> <span class='ocrx_word' id='word_1_62' title='bbox 1056 595 1189 641; x_wconf 83' lang='lat' dir='ltr'><strong>deest</strong></span> <span class='ocrx_word' id='word_1_63' title='bbox 1220 601 1374 640; x_wconf 84' lang='lat' dir='ltr'><em>tamen</em></span> <span class='ocrx_word' id='word_1_64' title='bbox 1403 607 1497 639; x_wconf 86' lang='lat' dir='ltr'><em>una</em></span> <span class='ocrx_word' id='word_1_65' title='bbox 1528 595 1679 639; x_wconf 88' lang='lat' dir='ltr'><em>insula</em></span> <span class='ocrx_word' id='word_1_66' title='bbox 1699 594 1744 637; x_wconf 87' lang='lat' dir='ltr'><em>in</em></span> <span class='ocrx_word' id='word_1_67' title='bbox 1774 607 1886 637; x_wconf 87' lang='lat' dir='ltr'><em>enu-</em></span> 
     </span>
     <span class='ocr_line' id='line_1_7' title="bbox 68 656 1884 729; baseline -0.002 -19"><span class='ocrx_word' id='word_1_68' title='bbox 68 668 336 728; x_wconf 73' lang='lat' dir='ltr'><em>meratione.</em></span> <span class='ocrx_word' id='word_1_69' title='bbox 374 660 397 729; x_wconf 96' lang='grc' dir='ltr'>Η</span> <span class='ocrx_word' id='word_1_70' title='bbox 436 670 492 714; x_wconf 90' lang='grc'>12</span> <span class='ocrx_word' id='word_1_71' title='bbox 521 671 716 724; x_wconf 86' lang='lat' dir='ltr'><em>praeter</em></span> <span class='ocrx_word' id='word_1_72' title='bbox 748 665 837 710; x_wconf 88' lang='lat' dir='ltr'><em>has</em></span> <span class='ocrx_word' id='word_1_73' title='bbox 864 665 1103 711; x_wconf 88' lang='lat' dir='ltr'><em>stochades</em></span> <span class='ocrx_word' id='word_1_74' title='bbox 1130 663 1483 710; x_wconf 84' lang='lat' dir='ltr'><em>innumerabiles</em></span> <span class='ocrx_word' id='word_1_75' title='bbox 1514 656 1536 727; x_wconf 94' lang='grc' dir='ltr'>Η</span> <span class='ocrx_word' id='word_1_76' title='bbox 1573 668 1627 711; x_wconf 89' lang='grc'><em>15</em></span> <span class='ocrx_word' id='word_1_77' title='bbox 1653 665 1792 708; x_wconf 89' lang='lat' dir='ltr'><em>itaces</em></span> <span class='ocrx_word' id='word_1_78' title='bbox 1824 661 1884 717; x_wconf 91' lang='lat' dir='ltr'><em>C;</em></span> 
     </span>
    </p>

    <p class='ocr_par' dir='ltr' id='par_1_4' title="bbox 27 725 1887 1195">
     <span class='ocr_line' id='line_1_8' title="bbox 27 725 1887 799; baseline -0.003 -19"><span class='ocrx_word' id='word_1_79' title='bbox 27 754 31 758; x_wconf 84' lang='lat'><em>-</em></span> <span class='ocrx_word' id='word_1_80' title='bbox 65 734 234 780; x_wconf 90' lang='lat' dir='ltr'><em>Ithaca</em></span> <span class='ocrx_word' id='word_1_81' title='bbox 253 736 290 780; x_wconf 90' lang='lat' dir='ltr'>E</span> <span class='ocrx_word' id='word_1_82' title='bbox 327 727 349 798; x_wconf 94' lang='grc' dir='ltr'>Η</span> <span class='ocrx_word' id='word_1_83' title='bbox 385 739 438 783; x_wconf 89' lang='lat'><em>16</em></span> <span class='ocrx_word' id='word_1_84' title='bbox 457 735 653 781; x_wconf 88' lang='lat' dir='ltr'><em>Crateae</em></span> <span class='ocrx_word' id='word_1_85' title='bbox 670 733 733 778; x_wconf 87' lang='lat' dir='ltr'><em>D:</em></span> <span class='ocrx_word' id='word_1_86' title='bbox 767 736 952 780; x_wconf 85' lang='lat' dir='ltr'><em>ciriteae</em></span> <span class='ocrx_word' id='word_1_87' title='bbox 973 733 1007 780; x_wconf 94' lang='lat' dir='ltr'>C</span> <span class='ocrx_word' id='word_1_88' title='bbox 1036 727 1060 799; x_wconf 96' lang='grc' dir='ltr'>Η</span> <span class='ocrx_word' id='word_1_89' title='bbox 1096 736 1150 782; x_wconf 87' lang='grc'><em>17</em></span> <span class='ocrx_word' id='word_1_90' title='bbox 1170 733 1372 779; x_wconf 82' lang='lat' dir='ltr'><em>stocedes</em></span> <span class='ocrx_word' id='word_1_91' title='bbox 1397 726 1419 798; x_wconf 95' lang='grc' dir='ltr'>Η</span> <span class='ocrx_word' id='word_1_92' title='bbox 1455 735 1511 780; x_wconf 89' lang='grc'><em>18</em></span> <span class='ocrx_word' id='word_1_93' title='bbox 1529 734 1671 778; x_wconf 89' lang='lat' dir='ltr'><em>menis</em></span> <span class='ocrx_word' id='word_1_94' title='bbox 1693 725 1716 797; x_wconf 95' lang='grc' dir='ltr'>Η</span> <span class='ocrx_word' id='word_1_95' title='bbox 1745 731 1887 777; x_wconf 85' lang='lat' dir='ltr'><strong><em>Girba</em></strong></span> 
     </span>
     <span class='ocr_line' id='line_1_9' title="bbox 67 794 1884 867; baseline -0.002 -18"><span class='ocrx_word' id='word_1_96' title='bbox 67 804 131 849; x_wconf 91' lang='lat' dir='ltr'><em>D:</em></span> <span class='ocrx_word' id='word_1_97' title='bbox 167 806 304 862; x_wconf 79' lang='lat' dir='ltr'><em>yirna</em></span> <span class='ocrx_word' id='word_1_98' title='bbox 334 801 392 858; x_wconf 92' lang='grc' dir='ltr'><em>Ο;</em></span> <span class='ocrx_word' id='word_1_99' title='bbox 442 803 616 849; x_wconf 84' lang='lat' dir='ltr'><em>Girrha</em></span> <span class='ocrx_word' id='word_1_100' title='bbox 649 804 687 848; x_wconf 94' lang='lat' dir='ltr'>E</span> <span class='ocrx_word' id='word_1_101' title='bbox 722 797 744 866; x_wconf 91' lang='grc' dir='ltr'>Η</span> <span class='ocrx_word' id='word_1_102' title='bbox 778 808 836 851; x_wconf 89' lang='grc'><em>23</em></span> <span class='ocrx_word' id='word_1_103' title='bbox 863 809 907 848; x_wconf 87' lang='lat' dir='ltr'><em>et</em></span> <span class='ocrx_word' id='word_1_104' title='bbox 931 803 1185 848; x_wconf 74' lang='lat' dir='ltr'><em>hei-inteum</em></span> <span class='ocrx_word' id='word_1_105' title='bbox 1219 794 1243 867; x_wconf 94' lang='grc' dir='ltr'>Η</span> <span class='ocrx_word' id='word_1_106' title='bbox 1275 806 1334 849; x_wconf 89' lang='grc'>25</span> <span class='ocrx_word' id='word_1_107' title='bbox 1359 802 1627 859; x_wconf 78' lang='lat' dir='ltr'><em>perayitur]</em></span> <span class='ocrx_word' id='word_1_108' title='bbox 1650 813 1884 859; x_wconf 79' lang='lat' dir='ltr'><em>perayra-</em></span> 
     </span>
     <span class='ocr_line' id='line_1_10' title="bbox 65 863 1884 937; baseline -0.003 -18"><span class='ocrx_word' id='word_1_109' title='bbox 65 878 142 919; x_wconf 85' lang='lat' dir='ltr'><em>tur</em></span> <span class='ocrx_word' id='word_1_110' title='bbox 168 873 205 917; x_wconf 92' lang='lat' dir='ltr'>D</span> <span class='ocrx_word' id='word_1_111' title='bbox 241 865 263 937; x_wconf 95' lang='grc' dir='ltr'>Η</span> <span class='ocrx_word' id='word_1_112' title='bbox 294 873 351 920; x_wconf 87' lang='grc'>27</span> <span class='ocrx_word' id='word_1_113' title='bbox 376 872 566 931; x_wconf 85' lang='lat' dir='ltr'><em>Abylam</em></span> <span class='ocrx_word' id='word_1_114' title='bbox 597 871 661 917; x_wconf 85' lang='lat' dir='ltr'><em>D:</em></span> <span class='ocrx_word' id='word_1_115' title='bbox 705 873 919 918; x_wconf 87' lang='lat' dir='ltr'><em>abinnam</em></span> <span class='ocrx_word' id='word_1_116' title='bbox 939 871 972 917; x_wconf 93' lang='grc' dir='ltr'>Ο</span> <span class='ocrx_word' id='word_1_117' title='bbox 1005 865 1028 936; x_wconf 94' lang='grc' dir='ltr'>Η</span> <span class='ocrx_word' id='word_1_118' title='bbox 1062 873 1241 930; x_wconf 88' lang='lat' dir='ltr'><em>calpem</em></span> <span class='ocrx_word' id='word_1_119' title='bbox 1272 863 1296 934; x_wconf 93' lang='grc' dir='ltr'>Η</span> <span class='ocrx_word' id='word_1_120' title='bbox 1330 875 1388 919; x_wconf 90' lang='grc'>36</span> <span class='ocrx_word' id='word_1_121' title='bbox 1418 871 1467 915; x_wconf 89' lang='lat' dir='ltr'><em>id</em></span> <span class='ocrx_word' id='word_1_122' title='bbox 1483 871 1651 915; x_wconf 86' lang='lat' dir='ltr'><em>estW:</em></span> <span class='ocrx_word' id='word_1_123' title='bbox 1686 871 1802 914; x_wconf 89' lang='lat' dir='ltr'><em>idem</em></span> <span class='ocrx_word' id='word_1_124' title='bbox 1823 868 1884 925; x_wconf 94' lang='grc' dir='ltr'><em>Ο,</em></span> 
     </span>
     <span class='ocr_line' id='line_1_11' title="bbox 64 934 1883 1004; baseline -0.003 -16"><span class='ocrx_word' id='word_1_125' title='bbox 64 942 268 988; x_wconf 89' lang='lat' dir='ltr'><em>eamdem</em></span> <span class='ocrx_word' id='word_1_126' title='bbox 285 942 323 986; x_wconf 90' lang='lat' dir='ltr'>E</span> <span class='ocrx_word' id='word_1_127' title='bbox 357 934 380 1004; x_wconf 91' lang='grc' dir='ltr'>Η</span> <span class='ocrx_word' id='word_1_128' title='bbox 411 941 772 999; x_wconf 80' lang='lat' dir='ltr'><em>Peloponnesum</em></span> <span class='ocrx_word' id='word_1_129' title='bbox 796 943 861 986; x_wconf 83' lang='lat' dir='ltr'><em>ita</em></span> <span class='ocrx_word' id='word_1_130' title='bbox 890 940 977 985; x_wconf 87' lang='lat' dir='ltr'><em>W:</em></span> <span class='ocrx_word' id='word_1_131' title='bbox 1008 942 1309 1000; x_wconf 80' lang='lat' dir='ltr'><em>peloponnesi</em></span> <span class='ocrx_word' id='word_1_132' title='bbox 1330 942 1468 985; x_wconf 90' lang='lat' dir='ltr'><em>sumit</em></span> <span class='ocrx_word' id='word_1_133' title='bbox 1495 937 1557 994; x_wconf 88' lang='lat' dir='ltr'><em>C;</em></span> <span class='ocrx_word' id='word_1_134' title='bbox 1599 938 1883 996; x_wconf 89' lang='lat' dir='ltr'><em>Peloponne-</em></span> 
     </span>
     <span class='ocr_line' id='line_1_12' title="bbox 62 1009 1886 1069; baseline -0.003 -12"><span class='ocrx_word' id='word_1_135' title='bbox 62 1024 146 1057; x_wconf 87' lang='lat' dir='ltr'><em>son</em></span> <span class='ocrx_word' id='word_1_136' title='bbox 171 1012 306 1055; x_wconf 85' lang='lat' dir='ltr'><em>simul</em></span> <span class='ocrx_word' id='word_1_137' title='bbox 334 1012 400 1056; x_wconf 88' lang='lat' dir='ltr'><em>E:</em></span> <span class='ocrx_word' id='word_1_138' title='bbox 450 1010 536 1056; x_wconf 85' lang='lat' dir='ltr'><em>sed</em></span> <span class='ocrx_word' id='word_1_139' title='bbox 563 1013 708 1057; x_wconf 86' lang='lat' dir='ltr'><em>verba</em></span> <span class='ocrx_word' id='word_1_140' title='bbox 737 1011 788 1055; x_wconf 85' lang='lat' dir='ltr'><em>id</em></span> <span class='ocrx_word' id='word_1_141' title='bbox 816 1015 883 1056; x_wconf 86' lang='lat' dir='ltr'><em>est</em></span> <span class='ocrx_word' id='word_1_142' title='bbox 907 1010 1271 1069; x_wconf 84' lang='lat' dir='ltr'><em>Peloponnesum</em></span> <span class='ocrx_word' id='word_1_143' title='bbox 1300 1009 1578 1069; x_wconf 79' lang='lat' dir='ltr'><em>glossatoris</em></span> <span class='ocrx_word' id='word_1_144' title='bbox 1608 1022 1716 1053; x_wconf 86' lang='lat' dir='ltr'><em>esse</em></span> <span class='ocrx_word' id='word_1_145' title='bbox 1745 1014 1886 1066; x_wconf 85' lang='lat' dir='ltr'><em>puto;</em></span> 
     </span>
     <span class='ocr_line' id='line_1_13' title="bbox 65 1073 1885 1145; baseline -0.003 -19"><span class='ocrx_word' id='word_1_146' title='bbox 65 1082 125 1126; x_wconf 79' lang='lat' dir='ltr'><em>cf.</em></span> <span class='ocrx_word' id='word_1_147' title='bbox 154 1079 216 1124; x_wconf 88' lang='lat' dir='ltr'><em>ad</em></span> <span class='ocrx_word' id='word_1_148' title='bbox 248 1083 291 1134; x_wconf 88' lang='grc'><em>8,</em></span> <span class='ocrx_word' id='word_1_149' title='bbox 313 1081 339 1131; x_wconf 76' lang='lat' dir='ltr'>S</span> <span class='ocrx_word' id='word_1_150' title='bbox 359 1085 416 1127; x_wconf 87' lang='grc'><em>22</em></span> <span class='ocrx_word' id='word_1_151' title='bbox 445 1085 490 1126; x_wconf 86' lang='lat' dir='ltr'><em>et</em></span> <span class='ocrx_word' id='word_1_152' title='bbox 507 1080 706 1126; x_wconf 87' lang='lat' dir='ltr'><em>indicem</em></span> <span class='ocrx_word' id='word_1_153' title='bbox 727 1095 766 1126; x_wconf 91' lang='lat' dir='ltr'><em>s.</em></span> <span class='ocrx_word' id='word_1_154' title='bbox 787 1094 834 1125; x_wconf 91' lang='lat' dir='ltr'><em>v.</em></span> <span class='ocrx_word' id='word_1_155' title='bbox 852 1079 1046 1125; x_wconf 79' lang='lat' dir='ltr'><strong><em>Achaia.</em></strong></span> <span class='ocrx_word' id='word_1_156' title='bbox 1072 1073 1097 1145; x_wconf 96' lang='grc' dir='ltr'>Η</span> <span class='ocrx_word' id='word_1_157' title='bbox 1128 1083 1185 1128; x_wconf 90' lang='grc'>37</span> <span class='ocrx_word' id='word_1_158' title='bbox 1203 1081 1475 1127; x_wconf 86' lang='lat' dir='ltr'><em>invenientes</em></span> <span class='ocrx_word' id='word_1_159' title='bbox 1493 1078 1623 1123; x_wconf 87' lang='lat' dir='ltr'><em>hemo</em></span> <span class='ocrx_word' id='word_1_160' title='bbox 1648 1083 1787 1135; x_wconf 90' lang='lat' dir='ltr'><em>ponet</em></span> <span class='ocrx_word' id='word_1_161' title='bbox 1812 1079 1885 1122; x_wconf 89' lang='lat' dir='ltr'><em>in-</em></span> 
     </span>
     <span class='ocr_line' id='line_1_14' title="bbox 62 1150 1232 1195; baseline -0.003 0"><span class='ocrx_word' id='word_1_162' title='bbox 62 1150 211 1195; x_wconf 83' lang='lat' dir='ltr'><em>sulam</em></span> <span class='ocrx_word' id='word_1_163' title='bbox 315 1161 322 1167; x_wconf 63' lang='grc'><em>“</em></span> <span class='ocrx_word' id='word_1_164' title='bbox 1204 1153 1232 1185; x_wconf 76' lang='lat'><em>⁰</em></span> 
     </span>
    </p>

    <p class='ocr_par' dir='ltr' id='par_1_5' title="bbox 208 1142 1885 1283">
     <span class='ocr_line' id='line_1_15' title="bbox 208 1142 1885 1283; baseline -0.001 -21"><span class='ocrx_word' id='word_1_165' title='bbox 208 1142 258 1278; x_wconf 54' lang='lat'><em>71}</em></span> <span class='ocrx_word' id='word_1_166' title='bbox 285 1223 313 1264; x_wconf 84' lang='lat'><strong>2</strong></span> <span class='ocrx_word' id='word_1_167' title='bbox 350 1218 616 1275; x_wconf 79' lang='lat' dir='ltr'><em>Euxinum]</em></span> <span class='ocrx_word' id='word_1_168' title='bbox 656 1218 779 1264; x_wconf 87' lang='lat' dir='ltr'><em>Num</em></span> <span class='ocrx_word' id='word_1_169' title='bbox 818 1212 839 1283; x_wconf 95' lang='grc' dir='ltr'>Η</span> <span class='ocrx_word' id='word_1_170' title='bbox 884 1223 914 1266; x_wconf 83' lang='lat'>4</span> <span class='ocrx_word' id='word_1_171' title='bbox 949 1218 1109 1264; x_wconf 78' lang='lat' dir='ltr'><em>Seston</em></span> <span class='ocrx_word' id='word_1_172' title='bbox 1138 1219 1383 1277; x_wconf 83' lang='lat' dir='ltr'><em>Europae,</em></span> <span class='ocrx_word' id='word_1_173' title='bbox 1419 1218 1610 1277; x_wconf 79' lang='lat' dir='ltr'><em>Abydon</em></span> <span class='ocrx_word' id='word_1_174' title='bbox 1645 1217 1784 1262; x_wconf 84' lang='lat' dir='ltr'><em>Asiae</em></span> <span class='ocrx_word' id='word_1_175' title='bbox 1821 1215 1885 1260; x_wconf 89' lang='lat' dir='ltr'><em>T:</em></span> 
     </span>
    </p>

    <p class='ocr_par' dir='ltr' id='par_1_6' title="bbox 60 1281 1887 1560">
     <span class='ocr_line' id='line_1_16' title="bbox 62 1281 1885 1351; baseline -0.002 -17"><span class='ocrx_word' id='word_1_176' title='bbox 62 1292 212 1334; x_wconf 82' lang='lat' dir='ltr'><em>seston</em></span> <span class='ocrx_word' id='word_1_177' title='bbox 240 1289 368 1332; x_wconf 84' lang='lat' dir='ltr'><em>asiae</em></span> <span class='ocrx_word' id='word_1_178' title='bbox 397 1287 578 1347; x_wconf 88' lang='lat' dir='ltr'><em>abydon</em></span> <span class='ocrx_word' id='word_1_179' title='bbox 609 1300 812 1346; x_wconf 85' lang='lat' dir='ltr'><em>europae</em></span> <span class='ocrx_word' id='word_1_180' title='bbox 833 1288 866 1333; x_wconf 86' lang='grc' dir='ltr'>Ο</span> <span class='ocrx_word' id='word_1_181' title='bbox 916 1281 923 1351; x_wconf 87' lang='grc' dir='ltr'>Ι</span> <span class='ocrx_word' id='word_1_182' title='bbox 957 1294 1013 1336; x_wconf 89' lang='grc'><em>10</em></span> <span class='ocrx_word' id='word_1_183' title='bbox 1032 1289 1089 1333; x_wconf 88' lang='lat' dir='ltr'><em>ab</em></span> <span class='ocrx_word' id='word_1_184' title='bbox 1116 1302 1207 1333; x_wconf 88' lang='lat' dir='ltr'><em>om.</em></span> <span class='ocrx_word' id='word_1_185' title='bbox 1243 1281 1266 1351; x_wconf 95' lang='grc' dir='ltr'>Η</span> <span class='ocrx_word' id='word_1_186' title='bbox 1303 1294 1346 1333; x_wconf 87' lang='lat' dir='ltr'><em>et</em></span> <span class='ocrx_word' id='word_1_187' title='bbox 1374 1288 1639 1332; x_wconf 85' lang='lat' dir='ltr'><em>cathamant</em></span> <span class='ocrx_word' id='word_1_188' title='bbox 1662 1307 1728 1336; x_wconf 59' lang='grc' dir='ltr'><em>ηε*</em></span> <span class='ocrx_word' id='word_1_189' title='bbox 1754 1287 1885 1342; x_wconf 73' lang='lat' dir='ltr'><em>(sort.</em></span> 
     </span>
     <span class='ocr_line' id='line_1_17' title="bbox 64 1350 1885 1422; baseline -0.002 -19"><span class='ocrx_word' id='word_1_190' title='bbox 64 1356 389 1411; x_wconf 86' lang='lat' dir='ltr'><em>cathamantie)</em></span> <span class='ocrx_word' id='word_1_191' title='bbox 417 1356 476 1402; x_wconf 89' lang='lat' dir='ltr'><em>C:</em></span> <span class='ocrx_word' id='word_1_192' title='bbox 512 1357 805 1403; x_wconf 84' lang='lat' dir='ltr'><em>Athamantia</em></span> <span class='ocrx_word' id='word_1_193' title='bbox 829 1358 866 1402; x_wconf 93' lang='lat' dir='ltr'><strong>E</strong></span> <span class='ocrx_word' id='word_1_194' title='bbox 890 1350 898 1421; x_wconf 78' lang='grc' dir='ltr'>Ι</span> <span class='ocrx_word' id='word_1_195' title='bbox 940 1363 993 1405; x_wconf 93' lang='grc'><em>11</em></span> <span class='ocrx_word' id='word_1_196' title='bbox 1018 1357 1176 1416; x_wconf 78' lang='lat' dir='ltr'><em>limfae</em></span> <span class='ocrx_word' id='word_1_197' title='bbox 1193 1358 1269 1402; x_wconf 86' lang='lat' dir='ltr'><em>ubi</em></span> <span class='ocrx_word' id='word_1_198' title='bbox 1291 1351 1312 1422; x_wconf 93' lang='grc' dir='ltr'>Η</span> <span class='ocrx_word' id='word_1_199' title='bbox 1339 1362 1393 1404; x_wconf 92' lang='grc'>12</span> <span class='ocrx_word' id='word_1_200' title='bbox 1412 1360 1458 1402; x_wconf 90' lang='lat' dir='ltr'><em>in</em></span> <span class='ocrx_word' id='word_1_201' title='bbox 1479 1358 1609 1403; x_wconf 86' lang='lat' dir='ltr'><em>salva</em></span> <span class='ocrx_word' id='word_1_202' title='bbox 1635 1350 1657 1421; x_wconf 95' lang='grc' dir='ltr'>Η</span> <span class='ocrx_word' id='word_1_203' title='bbox 1693 1362 1748 1405; x_wconf 90' lang='grc'><em>13</em></span> <span class='ocrx_word' id='word_1_204' title='bbox 1775 1357 1885 1400; x_wconf 89' lang='lat' dir='ltr'><em>sim-</em></span> 
     </span>
     <span class='ocr_line' id='line_1_18' title="bbox 60 1417 1887 1491; baseline -0.002 -19"><span class='ocrx_word' id='word_1_205' title='bbox 60 1428 202 1486; x_wconf 80' lang='lat' dir='ltr'><em>ponia</em></span> <span class='ocrx_word' id='word_1_206' title='bbox 239 1418 262 1490; x_wconf 95' lang='grc' dir='ltr'>Η</span> <span class='ocrx_word' id='word_1_207' title='bbox 299 1429 354 1474; x_wconf 86' lang='lat'><em>14</em></span> <span class='ocrx_word' id='word_1_208' title='bbox 374 1426 495 1471; x_wconf 89' lang='lat' dir='ltr'><em>unde</em></span> <span class='ocrx_word' id='word_1_209' title='bbox 508 1428 600 1484; x_wconf 80' lang='lat' dir='ltr'><em>pix</em></span> <span class='ocrx_word' id='word_1_210' title='bbox 624 1426 661 1470; x_wconf 94' lang='lat' dir='ltr'>E</span> <span class='ocrx_word' id='word_1_211' title='bbox 698 1422 720 1490; x_wconf 99' lang='grc' dir='ltr'>Η</span> <span class='ocrx_word' id='word_1_212' title='bbox 755 1432 807 1475; x_wconf 84' lang='grc'><em>15</em></span> <span class='ocrx_word' id='word_1_213' title='bbox 828 1429 928 1485; x_wconf 76' lang='lat' dir='ltr'><em>fioee</em></span> <span class='ocrx_word' id='word_1_214' title='bbox 960 1420 981 1491; x_wconf 94' lang='grc' dir='ltr'>Η</span> <span class='ocrx_word' id='word_1_215' title='bbox 1019 1430 1073 1475; x_wconf 88' lang='grc'><em>17</em></span> <span class='ocrx_word' id='word_1_216' title='bbox 1101 1429 1333 1472; x_wconf 88' lang='lat' dir='ltr'><em>autoconis</em></span> <span class='ocrx_word' id='word_1_217' title='bbox 1364 1417 1386 1491; x_wconf 93' lang='grc' dir='ltr'>Η</span> <span class='ocrx_word' id='word_1_218' title='bbox 1424 1431 1478 1474; x_wconf 93' lang='grc'><em>18</em></span> <span class='ocrx_word' id='word_1_219' title='bbox 1501 1438 1646 1484; x_wconf 80' lang='lat' dir='ltr'><em>neque</em></span> <span class='ocrx_word' id='word_1_220' title='bbox 1671 1428 1726 1482; x_wconf 87' lang='lat' dir='ltr'><em>(i.</em></span> <span class='ocrx_word' id='word_1_221' title='bbox 1752 1438 1795 1468; x_wconf 83' lang='lat' dir='ltr'><em>e.</em></span> <span class='ocrx_word' id='word_1_222' title='bbox 1826 1436 1887 1469; x_wconf 89' lang='lat' dir='ltr'><em>ne</em></span> 
     </span>
     <span class='ocr_line' id='line_1_19' title="bbox 61 1489 1884 1560; baseline -0.001 -20"><span class='ocrx_word' id='word_1_223' title='bbox 61 1496 263 1555; x_wconf 80' lang='lat' dir='ltr'><em>quidem)</em></span> <span class='ocrx_word' id='word_1_224' title='bbox 304 1493 360 1539; x_wconf 88' lang='lat' dir='ltr'><em>C:</em></span> <span class='ocrx_word' id='word_1_225' title='bbox 398 1509 489 1539; x_wconf 87' lang='lat' dir='ltr'><em>om.</em></span> <span class='ocrx_word' id='word_1_226' title='bbox 524 1495 561 1539; x_wconf 92' lang='lat' dir='ltr'>E</span> <span class='ocrx_word' id='word_1_227' title='bbox 573 1508 585 1551; x_wconf 92' lang='lat'>;</span> <span class='ocrx_word' id='word_1_228' title='bbox 625 1498 781 1542; x_wconf 85' lang='lat' dir='ltr'><em>malim</em></span> <span class='ocrx_word' id='word_1_229' title='bbox 813 1501 966 1541; x_wconf 84' lang='lat' dir='ltr'><em>tamen</em></span> <span class='ocrx_word' id='word_1_230' title='bbox 994 1510 1209 1556; x_wconf 81' lang='lat' dir='ltr'><em>unquam.</em></span> <span class='ocrx_word' id='word_1_231' title='bbox 1248 1489 1271 1560; x_wconf 95' lang='grc' dir='ltr'>Η</span> <span class='ocrx_word' id='word_1_232' title='bbox 1314 1500 1371 1543; x_wconf 89' lang='grc'><em>19</em></span> <span class='ocrx_word' id='word_1_233' title='bbox 1398 1496 1685 1553; x_wconf 85' lang='lat' dir='ltr'><em>Hippoboton</em></span> <span class='ocrx_word' id='word_1_234' title='bbox 1716 1496 1775 1540; x_wconf 85' lang='lat' dir='ltr'><em>T:</em></span> <span class='ocrx_word' id='word_1_235' title='bbox 1812 1496 1884 1551; x_wconf 93' lang='lat' dir='ltr'><em>ip-</em></span> 
     </span>
    </p>

    <p class='ocr_par' dir='ltr' id='par_1_7' title="bbox 31 1555 1886 2395">
     <span class='ocr_line' id='line_1_20' title="bbox 31 1555 1884 1629; baseline -0.002 -20"><span class='ocrx_word' id='word_1_236' title='bbox 31 1585 34 1590; x_wconf 89' lang='lat'>·</span> <span class='ocrx_word' id='word_1_237' title='bbox 57 1571 202 1623; x_wconf 89' lang='lat' dir='ltr'><em>paton</em></span> <span class='ocrx_word' id='word_1_238' title='bbox 231 1563 264 1609; x_wconf 92' lang='grc' dir='ltr'>Ο</span> <span class='ocrx_word' id='word_1_239' title='bbox 297 1555 319 1628; x_wconf 96' lang='grc' dir='ltr'>Η</span> <span class='ocrx_word' id='word_1_240' title='bbox 358 1569 416 1611; x_wconf 90' lang='grc'>20</span> <span class='ocrx_word' id='word_1_241' title='bbox 439 1576 571 1623; x_wconf 86' lang='lat' dir='ltr'><em>quem</em></span> <span class='ocrx_word' id='word_1_242' title='bbox 594 1564 724 1611; x_wconf 89' lang='lat' dir='ltr'><em>cidea</em></span> <span class='ocrx_word' id='word_1_243' title='bbox 752 1567 819 1622; x_wconf 88' lang='lat' dir='ltr'><em>(ci</em></span> <span class='ocrx_word' id='word_1_244' title='bbox 841 1579 934 1609; x_wconf 89' lang='lat' dir='ltr'><em>non</em></span> <span class='ocrx_word' id='word_1_245' title='bbox 960 1567 1073 1610; x_wconf 87' lang='lat' dir='ltr'><em>satis</em></span> <span class='ocrx_word' id='word_1_246' title='bbox 1104 1565 1342 1620; x_wconf 76' lang='lat' dir='ltr'><em>distinete)</em></span> <span class='ocrx_word' id='word_1_247' title='bbox 1367 1566 1578 1623; x_wconf 82' lang='lat' dir='ltr'><em>edificari</em></span> <span class='ocrx_word' id='word_1_248' title='bbox 1614 1558 1636 1629; x_wconf 92' lang='grc' dir='ltr'>Η</span> <span class='ocrx_word' id='word_1_249' title='bbox 1662 1570 1731 1627; x_wconf 35' lang='grc'>,21</span> <span class='ocrx_word' id='word_1_250' title='bbox 1758 1565 1884 1620; x_wconf 84' lang='lat' dir='ltr'><em>picta</em></span> 
     </span>
     <span class='ocr_line' id='line_1_21' title="bbox 66 1626 1881 1697; baseline -0.002 -19"><span class='ocrx_word' id='word_1_251' title='bbox 66 1633 127 1679; x_wconf 87' lang='grc'><strong>(“-;</strong></span> <span class='ocrx_word' id='word_1_252' title='bbox 170 1635 273 1691; x_wconf 79' lang='lat' dir='ltr'><em>fixa</em></span> <span class='ocrx_word' id='word_1_253' title='bbox 310 1634 515 1678; x_wconf 84' lang='lat' dir='ltr'><em>Halmius</em></span> <span class='ocrx_word' id='word_1_254' title='bbox 558 1626 581 1697; x_wconf 95' lang='grc' dir='ltr'>Η</span> <span class='ocrx_word' id='word_1_255' title='bbox 628 1638 685 1681; x_wconf 88' lang='grc'><em>22</em></span> <span class='ocrx_word' id='word_1_256' title='bbox 718 1640 849 1692; x_wconf 86' lang='lat' dir='ltr'><em>cepta</em></span> <span class='ocrx_word' id='word_1_257' title='bbox 881 1637 1012 1681; x_wconf 84' lang='lat' dir='ltr'><em>navis</em></span> <span class='ocrx_word' id='word_1_258' title='bbox 1043 1635 1129 1680; x_wconf 85' lang='lat' dir='ltr'><em>sibi</em></span> <span class='ocrx_word' id='word_1_259' title='bbox 1160 1634 1210 1680; x_wconf 91' lang='grc' dir='ltr'><em>Ο.</em></span> <span class='ocrx_word' id='word_1_260' title='bbox 1281 1634 1493 1680; x_wconf 85' lang='lat' dir='ltr'><em>Ceterum</em></span> <span class='ocrx_word' id='word_1_261' title='bbox 1529 1634 1762 1680; x_wconf 80' lang='lat' dir='ltr'><em>Lebadiae</em></span> <span class='ocrx_word' id='word_1_262' title='bbox 1801 1634 1881 1676; x_wconf 74' lang='lat' dir='ltr'><em>sui!</em></span> 
     </span>
     <span class='ocr_line' id='line_1_22' title="bbox 63 1697 1883 1768; baseline -0.001 -20"><span class='ocrx_word' id='word_1_263' title='bbox 63 1705 282 1760; x_wconf 80' lang='lat' dir='ltr'><em>templum</em></span> <span class='ocrx_word' id='word_1_264' title='bbox 310 1702 424 1746; x_wconf 88' lang='lat' dir='ltr'><em>illud</em></span> <span class='ocrx_word' id='word_1_265' title='bbox 442 1708 558 1747; x_wconf 81' lang='lat' dir='ltr'><em>teste</em></span> <span class='ocrx_word' id='word_1_266' title='bbox 585 1705 724 1750; x_wconf 87' lang='lat' dir='ltr'><em>Paus.</em></span> <span class='ocrx_word' id='word_1_267' title='bbox 750 1704 827 1750; x_wconf 92' lang='lat' dir='ltr'><em>IX.</em></span> <span class='ocrx_word' id='word_1_268' title='bbox 850 1708 907 1752; x_wconf 85' lang='lat'><em>39</em></span> <span class='ocrx_word' id='word_1_269' title='bbox 934 1699 955 1767; x_wconf 93' lang='grc' dir='ltr'>Η</span> <span class='ocrx_word' id='word_1_270' title='bbox 991 1704 1242 1762; x_wconf 79' lang='lat' dir='ltr'><em>Trophonii</em></span> <span class='ocrx_word' id='word_1_271' title='bbox 1264 1704 1327 1749; x_wconf 88' lang='lat' dir='ltr'><em>D:</em></span> <span class='ocrx_word' id='word_1_272' title='bbox 1352 1704 1577 1763; x_wconf 87' lang='lat' dir='ltr'><em>hyphonis</em></span> <span class='ocrx_word' id='word_1_273' title='bbox 1606 1703 1637 1748; x_wconf 94' lang='lat' dir='ltr'>C</span> <span class='ocrx_word' id='word_1_274' title='bbox 1663 1697 1684 1768; x_wconf 96' lang='grc' dir='ltr'>Η</span> <span class='ocrx_word' id='word_1_275' title='bbox 1719 1707 1777 1750; x_wconf 88' lang='grc'><em>23</em></span> <span class='ocrx_word' id='word_1_276' title='bbox 1802 1703 1883 1747; x_wconf 87' lang='lat' dir='ltr'><em>tol-</em></span> 
     </span>
     <span class='ocr_line' id='line_1_23' title="bbox 62 1766 1884 1836; baseline -0.001 -19"><span class='ocrx_word' id='word_1_277' title='bbox 62 1773 220 1818; x_wconf 86' lang='lat' dir='ltr'><em>lendos</em></span> <span class='ocrx_word' id='word_1_278' title='bbox 261 1766 283 1835; x_wconf 94' lang='grc' dir='ltr'>Η</span> <span class='ocrx_word' id='word_1_279' title='bbox 326 1776 384 1819; x_wconf 72' lang='lat'><em>24</em></span> <span class='ocrx_word' id='word_1_280' title='bbox 416 1772 630 1817; x_wconf 88' lang='lat' dir='ltr'><em>dicuntur</em></span> <span class='ocrx_word' id='word_1_281' title='bbox 661 1775 695 1819; x_wconf 88' lang='lat' dir='ltr'><em>ii</em></span> <span class='ocrx_word' id='word_1_282' title='bbox 725 1774 957 1819; x_wconf 82' lang='lat' dir='ltr'><em>Halmius:</em></span> <span class='ocrx_word' id='word_1_283' title='bbox 1019 1775 1174 1822; x_wconf 82' lang='lat' dir='ltr'><em>dicunt</em></span> <span class='ocrx_word' id='word_1_284' title='bbox 1207 1774 1294 1820; x_wconf 87' lang='lat' dir='ltr'><em>duo</em></span> <span class='ocrx_word' id='word_1_285' title='bbox 1335 1773 1406 1819; x_wconf 99' lang='grc' dir='ltr'><em>ΟΕ</em></span> <span class='ocrx_word' id='word_1_286' title='bbox 1450 1767 1471 1836; x_wconf 95' lang='grc' dir='ltr'>Η</span> <span class='ocrx_word' id='word_1_287' title='bbox 1514 1777 1571 1820; x_wconf 86' lang='grc'>28</span> <span class='ocrx_word' id='word_1_288' title='bbox 1607 1774 1783 1817; x_wconf 81' lang='lat' dir='ltr'><em>lintibus</em></span> <span class='ocrx_word' id='word_1_289' title='bbox 1819 1773 1884 1815; x_wconf 88' lang='lat' dir='ltr'><em>si·-</em></span> 
     </span>
     <span class='ocr_line' id='line_1_24' title="bbox 62 1835 1884 1907; baseline -0.001 -21"><span class='ocrx_word' id='word_1_290' title='bbox 62 1854 175 1887; x_wconf 89' lang='lat' dir='ltr'><em>cone</em></span> <span class='ocrx_word' id='word_1_291' title='bbox 200 1835 221 1905; x_wconf 94' lang='grc' dir='ltr'>Η</span> <span class='ocrx_word' id='word_1_292' title='bbox 248 1842 384 1886; x_wconf 86' lang='lat' dir='ltr'><em>aedes</em></span> <span class='ocrx_word' id='word_1_293' title='bbox 408 1842 444 1885; x_wconf 93' lang='lat' dir='ltr'>E</span> <span class='ocrx_word' id='word_1_294' title='bbox 482 1835 504 1904; x_wconf 88' lang='grc' dir='ltr'>Η</span> <span class='ocrx_word' id='word_1_295' title='bbox 537 1847 593 1890; x_wconf 92' lang='grc'>29</span> <span class='ocrx_word' id='word_1_296' title='bbox 622 1856 809 1888; x_wconf 86' lang='lat' dir='ltr'><em>macera</em></span> <span class='ocrx_word' id='word_1_297' title='bbox 844 1836 866 1907; x_wconf 94' lang='grc' dir='ltr'>Η</span> <span class='ocrx_word' id='word_1_298' title='bbox 900 1847 956 1892; x_wconf 92' lang='grc'><em>31</em></span> <span class='ocrx_word' id='word_1_299' title='bbox 992 1844 1149 1889; x_wconf 85' lang='lat' dir='ltr'><em>malim</em></span> <span class='ocrx_word' id='word_1_300' title='bbox 1184 1844 1343 1888; x_wconf 78' lang='lat' dir='ltr'><em>Acasti</em></span> <span class='ocrx_word' id='word_1_301' title='bbox 1378 1856 1517 1898; x_wconf 88' lang='lat' dir='ltr'><em>arca,</em></span> <span class='ocrx_word' id='word_1_302' title='bbox 1555 1857 1692 1902; x_wconf 81' lang='lat' dir='ltr'><em>quam</em></span> <span class='ocrx_word' id='word_1_303' title='bbox 1717 1843 1884 1886; x_wconf 84' lang='lat' dir='ltr'><em>Medea</em></span> 
     </span>
     <span class='ocr_line' id='line_1_25' title="bbox 59 1903 1882 1976; baseline -0.001 -20"><span class='ocrx_word' id='word_1_304' title='bbox 59 1914 211 1970; x_wconf 87' lang='lat' dir='ltr'><em>posuit</em></span> <span class='ocrx_word' id='word_1_305' title='bbox 245 1903 266 1975; x_wconf 97' lang='grc' dir='ltr'>Η</span> <span class='ocrx_word' id='word_1_306' title='bbox 299 1910 422 1971; x_wconf 81' lang='lat' dir='ltr'><em>quod</em></span> <span class='ocrx_word' id='word_1_307' title='bbox 454 1914 513 1956; x_wconf 89' lang='lat' dir='ltr'><em>sit</em></span> <span class='ocrx_word' id='word_1_308' title='bbox 545 1905 567 1976; x_wconf 92' lang='grc' dir='ltr'>Η</span> <span class='ocrx_word' id='word_1_309' title='bbox 602 1915 660 1959; x_wconf 87' lang='grc'><em>33</em></span> <span class='ocrx_word' id='word_1_310' title='bbox 694 1913 957 1958; x_wconf 85' lang='lat' dir='ltr'><em>Palamedis</em></span> <span class='ocrx_word' id='word_1_311' title='bbox 988 1914 1163 1957; x_wconf 80' lang='lat' dir='ltr'><em>litterae</em></span> <span class='ocrx_word' id='word_1_312' title='bbox 1200 1915 1286 1958; x_wconf 91' lang='lat' dir='ltr'><em>W:</em></span> <span class='ocrx_word' id='word_1_313' title='bbox 1321 1912 1603 1957; x_wconf 89' lang='lat' dir='ltr'><em>Pademedes</em></span> <span class='ocrx_word' id='word_1_314' title='bbox 1639 1915 1796 1957; x_wconf 87' lang='lat' dir='ltr'><em>cittera</em></span> <span class='ocrx_word' id='word_1_315' title='bbox 1824 1910 1882 1965; x_wconf 90' lang='lat' dir='ltr'><em>C;</em></span> 
     </span>
     <span class='ocr_line' id='line_1_26' title="bbox 63 1975 1883 2045; baseline 0.001 -21"><span class='ocrx_word' id='word_1_316' title='bbox 63 1980 326 2025; x_wconf 84' lang='lat' dir='ltr'><em>Palamedis</em></span> <span class='ocrx_word' id='word_1_317' title='bbox 351 1980 529 2026; x_wconf 87' lang='lat' dir='ltr'><em>cithara</em></span> <span class='ocrx_word' id='word_1_318' title='bbox 554 1983 591 2026; x_wconf 91' lang='lat' dir='ltr'>E</span> <span class='ocrx_word' id='word_1_319' title='bbox 618 1975 640 2045; x_wconf 95' lang='grc' dir='ltr'>Η</span> <span class='ocrx_word' id='word_1_320' title='bbox 662 1981 885 2042; x_wconf 78' lang='lat' dir='ltr'><em>Marsyae</em></span> <span class='ocrx_word' id='word_1_321' title='bbox 909 1983 978 2027; x_wconf 89' lang='lat' dir='ltr'><em>M:</em></span> <span class='ocrx_word' id='word_1_322' title='bbox 1005 1984 1150 2027; x_wconf 89' lang='lat' dir='ltr'><em>marsi</em></span> <span class='ocrx_word' id='word_1_323' title='bbox 1177 1982 1236 2037; x_wconf 92' lang='lat' dir='ltr'><em>C;</em></span> <span class='ocrx_word' id='word_1_324' title='bbox 1276 1982 1424 2027; x_wconf 90' lang='lat' dir='ltr'><em>Marti</em></span> <span class='ocrx_word' id='word_1_325' title='bbox 1447 1982 1478 2027; x_wconf 88' lang='lat' dir='ltr'>S</span> <span class='ocrx_word' id='word_1_326' title='bbox 1503 1975 1525 2045; x_wconf 95' lang='grc' dir='ltr'>Η</span> <span class='ocrx_word' id='word_1_327' title='bbox 1560 1993 1796 2041; x_wconf 79' lang='lat' dir='ltr'><em>quaequae</em></span> <span class='ocrx_word' id='word_1_328' title='bbox 1822 1979 1883 2026; x_wconf 88' lang='lat' dir='ltr'><em>C:</em></span> 
     </span>
     <span class='ocr_line' id='line_1_27' title="bbox 62 2044 1882 2116; baseline -0.001 -22"><span class='ocrx_word' id='word_1_329' title='bbox 62 2061 238 2109; x_wconf 79' lang='lat' dir='ltr'><em>quoque</em></span> <span class='ocrx_word' id='word_1_330' title='bbox 269 2050 332 2105; x_wconf 90' lang='lat' dir='ltr'><em>E;</em></span> <span class='ocrx_word' id='word_1_331' title='bbox 370 2050 611 2097; x_wconf 88' lang='lat' dir='ltr'><em>Celaenaei</em></span> <span class='ocrx_word' id='word_1_332' title='bbox 634 2053 857 2097; x_wconf 87' lang='lat' dir='ltr'><em>Halmius.</em></span> <span class='ocrx_word' id='word_1_333' title='bbox 898 2053 957 2096; x_wconf 85' lang='lat' dir='ltr'><em>cf.</em></span> <span class='ocrx_word' id='word_1_334' title='bbox 978 2052 1149 2096; x_wconf 87' lang='lat' dir='ltr'><em>Herod.</em></span> <span class='ocrx_word' id='word_1_335' title='bbox 1168 2052 1265 2108; x_wconf 93' lang='lat' dir='ltr'>VII,</span> <span class='ocrx_word' id='word_1_336' title='bbox 1289 2055 1345 2099; x_wconf 91' lang='grc'>26</span> <span class='ocrx_word' id='word_1_337' title='bbox 1383 2044 1405 2116; x_wconf 95' lang='grc' dir='ltr'>Η</span> <span class='ocrx_word' id='word_1_338' title='bbox 1437 2054 1496 2098; x_wconf 83' lang='lat'><em>34</em></span> <span class='ocrx_word' id='word_1_339' title='bbox 1523 2065 1625 2096; x_wconf 87' lang='lat' dir='ltr'><em>cum</em></span> <span class='ocrx_word' id='word_1_340' title='bbox 1646 2052 1882 2096; x_wconf 82' lang='lat' dir='ltr'><em>Halmius:</em></span> 
     </span>
     <span class='ocr_line' id='line_1_28' title="bbox 64 2112 1886 2184; baseline 0.001 -21"><span class='ocrx_word' id='word_1_341' title='bbox 64 2124 107 2163; x_wconf 92' lang='lat' dir='ltr'><em>et</em></span> <span class='ocrx_word' id='word_1_342' title='bbox 133 2118 203 2164; x_wconf 92' lang='grc' dir='ltr'><em>ΟΕ</em></span> <span class='ocrx_word' id='word_1_343' title='bbox 239 2112 260 2183; x_wconf 95' lang='grc' dir='ltr'>Η</span> <span class='ocrx_word' id='word_1_344' title='bbox 292 2119 613 2178; x_wconf 74' lang='lat' dir='ltr'><em>yubernaculis</em></span> <span class='ocrx_word' id='word_1_345' title='bbox 641 2121 699 2167; x_wconf 89' lang='lat' dir='ltr'><em>C:</em></span> <span class='ocrx_word' id='word_1_346' title='bbox 730 2122 1029 2180; x_wconf 77' lang='lat' dir='ltr'><em>yubernaculi</em></span> <span class='ocrx_word' id='word_1_347' title='bbox 1049 2122 1084 2165; x_wconf 92' lang='lat' dir='ltr'>E</span> <span class='ocrx_word' id='word_1_348' title='bbox 1120 2114 1140 2184; x_wconf 93' lang='grc' dir='ltr'>Η</span> <span class='ocrx_word' id='word_1_349' title='bbox 1176 2125 1233 2169; x_wconf 88' lang='grc'><em>35</em></span> <span class='ocrx_word' id='word_1_350' title='bbox 1259 2123 1289 2175; x_wconf 84' lang='lat'>†</span> <span class='ocrx_word' id='word_1_351' title='bbox 1315 2121 1524 2165; x_wconf 76' lang='lat' dir='ltr'><em>Brachia</em></span> <span class='ocrx_word' id='word_1_352' title='bbox 1552 2119 1608 2164; x_wconf 89' lang='lat' dir='ltr'><em>C:</em></span> <span class='ocrx_word' id='word_1_353' title='bbox 1646 2123 1788 2166; x_wconf 84' lang='lat' dir='ltr'><em>latere</em></span> <span class='ocrx_word' id='word_1_354' title='bbox 1815 2121 1886 2165; x_wconf 86' lang='lat' dir='ltr'><em>vi-</em></span> 
     </span>
     <span class='ocr_line' id='line_1_29' title="bbox 66 2184 1886 2255; baseline 0 -23"><span class='ocrx_word' id='word_1_355' title='bbox 66 2188 199 2232; x_wconf 81' lang='lat' dir='ltr'><em>detur</em></span> <span class='ocrx_word' id='word_1_356' title='bbox 236 2189 362 2233; x_wconf 85' lang='lat' dir='ltr'><em>urbis</em></span> <span class='ocrx_word' id='word_1_357' title='bbox 403 2203 590 2235; x_wconf 84' lang='lat' dir='ltr'><em>nomen.</em></span> <span class='ocrx_word' id='word_1_358' title='bbox 626 2185 647 2255; x_wconf 93' lang='grc' dir='ltr'>Η</span> <span class='ocrx_word' id='word_1_359' title='bbox 684 2192 886 2236; x_wconf 88' lang='lat' dir='ltr'><em>calculus</em></span> <span class='ocrx_word' id='word_1_360' title='bbox 912 2192 969 2236; x_wconf 91' lang='lat' dir='ltr'><em>P:</em></span> <span class='ocrx_word' id='word_1_361' title='bbox 1012 2192 1229 2235; x_wconf 87' lang='lat' dir='ltr'><em>cauculus</em></span> <span class='ocrx_word' id='word_1_362' title='bbox 1264 2190 1297 2235; x_wconf 95' lang='grc' dir='ltr'>Ο</span> <span class='ocrx_word' id='word_1_363' title='bbox 1333 2184 1353 2252; x_wconf 92' lang='grc' dir='ltr'>Η</span> <span class='ocrx_word' id='word_1_364' title='bbox 1386 2202 1517 2249; x_wconf 85' lang='lat' dir='ltr'><em>quem</em></span> <span class='ocrx_word' id='word_1_365' title='bbox 1554 2188 1611 2234; x_wconf 89' lang='lat' dir='ltr'><em>C:</em></span> <span class='ocrx_word' id='word_1_366' title='bbox 1654 2205 1741 2250; x_wconf 79' lang='lat' dir='ltr'><em>quo</em></span> <span class='ocrx_word' id='word_1_367' title='bbox 1778 2189 1886 2233; x_wconf 84' lang='lat' dir='ltr'><em>Hal-</em></span> 
     </span>
     <span class='ocr_line' id='line_1_30' title="bbox 64 2249 1875 2324; baseline 0.001 -23"><span class='ocrx_word' id='word_1_368' title='bbox 64 2258 184 2301; x_wconf 86' lang='lat' dir='ltr'><em>mius</em></span> <span class='ocrx_word' id='word_1_369' title='bbox 223 2249 245 2320; x_wconf 95' lang='grc' dir='ltr'>Η</span> <span class='ocrx_word' id='word_1_370' title='bbox 287 2257 442 2303; x_wconf 87' lang='lat' dir='ltr'><em>Oreste</em></span> <span class='ocrx_word' id='word_1_371' title='bbox 474 2259 562 2303; x_wconf 90' lang='lat' dir='ltr'><em>W:</em></span> <span class='ocrx_word' id='word_1_372' title='bbox 607 2261 796 2306; x_wconf 82' lang='lat' dir='ltr'><em>Orestae</em></span> <span class='ocrx_word' id='word_1_373' title='bbox 824 2260 881 2315; x_wconf 88' lang='grc' dir='ltr'><em>Ο;</em></span> <span class='ocrx_word' id='word_1_374' title='bbox 921 2261 1082 2306; x_wconf 85' lang='lat' dir='ltr'><em>Oresta</em></span> <span class='ocrx_word' id='word_1_375' title='bbox 1115 2261 1148 2304; x_wconf 88' lang='lat' dir='ltr'><em>P</em></span> <span class='ocrx_word' id='word_1_376' title='bbox 1183 2253 1205 2324; x_wconf 93' lang='grc' dir='ltr'>Η</span> <span class='ocrx_word' id='word_1_377' title='bbox 1241 2263 1297 2306; x_wconf 89' lang='grc'>36</span> <span class='ocrx_word' id='word_1_378' title='bbox 1333 2256 1448 2314; x_wconf 81' lang='lat'><em>***]</em></span> <span class='ocrx_word' id='word_1_379' title='bbox 1486 2261 1659 2305; x_wconf 72' lang='lat' dir='ltr'><em>cet-avit</em></span> <span class='ocrx_word' id='word_1_380' title='bbox 1685 2259 1739 2304; x_wconf 89' lang='lat' dir='ltr'><em>C:</em></span> <span class='ocrx_word' id='word_1_381' title='bbox 1777 2271 1875 2303; x_wconf 87' lang='lat' dir='ltr'><em>cer·</em></span> 
     </span>
     <span class='ocr_line' id='line_1_31' title="bbox 64 2320 1570 2395; baseline 0.001 -24"><span class='ocrx_word' id='word_1_382' title='bbox 64 2329 157 2371; x_wconf 86' lang='lat' dir='ltr'><em>vice</em></span> <span class='ocrx_word' id='word_1_383' title='bbox 182 2327 218 2370; x_wconf 89' lang='lat' dir='ltr'>E</span> <span class='ocrx_word' id='word_1_384' title='bbox 244 2320 264 2390; x_wconf 95' lang='grc' dir='ltr'>Η</span> <span class='ocrx_word' id='word_1_385' title='bbox 290 2341 383 2370; x_wconf 87' lang='lat' dir='ltr'><em>una</em></span> <span class='ocrx_word' id='word_1_386' title='bbox 402 2344 435 2386; x_wconf 72' lang='lat' dir='ltr'><em>p</em></span> <span class='ocrx_word' id='word_1_387' title='bbox 471 2342 690 2387; x_wconf 88' lang='lat' dir='ltr'><em>compara</em></span> <span class='ocrx_word' id='word_1_388' title='bbox 721 2332 796 2376; x_wconf 79' lang='lat' dir='ltr'><em>siti</em></span> <span class='ocrx_word' id='word_1_389' title='bbox 818 2323 839 2395; x_wconf 95' lang='grc' dir='ltr'>Η</span> <span class='ocrx_word' id='word_1_390' title='bbox 864 2334 918 2380; x_wconf 84' lang='grc'>37</span> <span class='ocrx_word' id='word_1_391' title='bbox 946 2331 1066 2376; x_wconf 85' lang='lat' dir='ltr'><em>abitu</em></span> <span class='ocrx_word' id='word_1_392' title='bbox 1092 2323 1113 2393; x_wconf 93' lang='grc' dir='ltr'>Η</span> <span class='ocrx_word' id='word_1_393' title='bbox 1136 2331 1196 2376; x_wconf 85' lang='lat' dir='ltr'><em>ibi</em></span> <span class='ocrx_word' id='word_1_394' title='bbox 1220 2329 1276 2375; x_wconf 81' lang='lat' dir='ltr'><em>C:</em></span> <span class='ocrx_word' id='word_1_395' title='bbox 1301 2330 1461 2374; x_wconf 85' lang='lat' dir='ltr'><em>ibidem</em></span> <span class='ocrx_word' id='word_1_396' title='bbox 1487 2330 1524 2373; x_wconf 92' lang='lat' dir='ltr'><em>H</em></span> <span class='ocrx_word' id='word_1_397' title='bbox 1549 2323 1570 2391; x_wconf 89' lang='grc' dir='ltr'>Η</span> 
     </span>
    </p>

    <p class='ocr_par' dir='ltr' id='par_1_8' title="bbox 206 2390 1883 2463">
     <span class='ocr_line' id='line_1_32' title="bbox 206 2390 1883 2463; baseline 0.002 -24"><span class='ocrx_word' id='word_1_398' title='bbox 206 2390 252 2455; x_wconf 82' lang='grc'><em>8,</em></span> <span class='ocrx_word' id='word_1_399' title='bbox 284 2400 305 2440; x_wconf 94' lang='grc'>1</span> <span class='ocrx_word' id='word_1_400' title='bbox 347 2401 567 2443; x_wconf 84' lang='lat' dir='ltr'><em>scaturrit</em></span> <span class='ocrx_word' id='word_1_401' title='bbox 599 2392 619 2463; x_wconf 96' lang='grc' dir='ltr'>Η</span> <span class='ocrx_word' id='word_1_402' title='bbox 656 2402 702 2443; x_wconf 91' lang='lat' dir='ltr'><em>in</em></span> <span class='ocrx_word' id='word_1_403' title='bbox 737 2401 914 2445; x_wconf 85' lang='lat' dir='ltr'><em>Achaia</em></span> <span class='ocrx_word' id='word_1_404' title='bbox 947 2400 1010 2443; x_wconf 92' lang='lat' dir='ltr'>W</span> <span class='ocrx_word' id='word_1_405' title='bbox 1051 2403 1134 2455; x_wconf 81' lang='lat' dir='ltr'><em>(cf.</em></span> <span class='ocrx_word' id='word_1_406' title='bbox 1158 2404 1201 2453; x_wconf 89' lang='grc'><em>8,</em></span> <span class='ocrx_word' id='word_1_407' title='bbox 1232 2403 1256 2452; x_wconf 76' lang='lat' dir='ltr'>S</span> <span class='ocrx_word' id='word_1_408' title='bbox 1282 2404 1310 2447; x_wconf 91' lang='grc'>3</span> <span class='ocrx_word' id='word_1_409' title='bbox 1335 2405 1378 2443; x_wconf 87' lang='lat' dir='ltr'><em>et</em></span> <span class='ocrx_word' id='word_1_410' title='bbox 1403 2401 1444 2453; x_wconf 88' lang='lat'><em>7,</em></span> <span class='ocrx_word' id='word_1_411' title='bbox 1472 2402 1496 2451; x_wconf 68' lang='grc' dir='ltr'><strong>ἓ</strong></span> <span class='ocrx_word' id='word_1_412' title='bbox 1524 2404 1597 2453; x_wconf 80' lang='lat'><em>4):</em></span> <span class='ocrx_word' id='word_1_413' title='bbox 1640 2401 1787 2443; x_wconf 89' lang='lat' dir='ltr'><em>inacie</em></span> <span class='ocrx_word' id='word_1_414' title='bbox 1822 2397 1883 2453; x_wconf 90' lang='lat' dir='ltr'><em>C;</em></span> 
     </span>
    </p>

    <p class='ocr_par' dir='ltr' id='par_1_9' title="bbox 57 2460 1893 3018">
     <span class='ocr_line' id='line_1_33' title="bbox 63 2460 1886 2534; baseline 0 -23"><span class='ocrx_word' id='word_1_415' title='bbox 63 2465 288 2511; x_wconf 88' lang='lat' dir='ltr'><em>Inachiae</em></span> <span class='ocrx_word' id='word_1_416' title='bbox 313 2466 348 2509; x_wconf 92' lang='lat' dir='ltr'>E</span> <span class='ocrx_word' id='word_1_417' title='bbox 373 2460 395 2530; x_wconf 94' lang='grc' dir='ltr'>Η</span> <span class='ocrx_word' id='word_1_418' title='bbox 421 2471 449 2514; x_wconf 90' lang='grc'>3</span> <span class='ocrx_word' id='word_1_419' title='bbox 473 2467 644 2513; x_wconf 88' lang='lat' dir='ltr'><em>Corinti</em></span> <span class='ocrx_word' id='word_1_420' title='bbox 666 2468 724 2524; x_wconf 88' lang='lat' dir='ltr'><em>C;</em></span> <span class='ocrx_word' id='word_1_421' title='bbox 753 2470 962 2516; x_wconf 79' lang='lat' dir='ltr'><em>Corintho</em></span> <span class='ocrx_word' id='word_1_422' title='bbox 986 2471 1023 2514; x_wconf 92' lang='lat' dir='ltr'><strong>E</strong></span> <span class='ocrx_word' id='word_1_423' title='bbox 1048 2463 1068 2534; x_wconf 95' lang='grc' dir='ltr'>Η</span> <span class='ocrx_word' id='word_1_424' title='bbox 1098 2474 1151 2517; x_wconf 92' lang='grc'><em>13</em></span> <span class='ocrx_word' id='word_1_425' title='bbox 1174 2471 1413 2527; x_wconf 75' lang='lat' dir='ltr'><em>imayinem</em></span> <span class='ocrx_word' id='word_1_426' title='bbox 1438 2470 1612 2527; x_wconf 87' lang='lat' dir='ltr'><em>clippeo</em></span> <span class='ocrx_word' id='word_1_427' title='bbox 1633 2468 1666 2514; x_wconf 91' lang='lat' dir='ltr'>C</span> <span class='ocrx_word' id='word_1_428' title='bbox 1691 2461 1712 2532; x_wconf 96' lang='grc' dir='ltr'>Η</span> <span class='ocrx_word' id='word_1_429' title='bbox 1750 2474 1802 2515; x_wconf 91' lang='grc'><em>15</em></span> <span class='ocrx_word' id='word_1_430' title='bbox 1830 2468 1886 2511; x_wconf 90' lang='lat' dir='ltr'><em>de</em></span> 
     </span>
     <span class='ocr_line' id='line_1_34' title="bbox 61 2535 1884 2595; baseline 0.001 -17"><span class='ocrx_word' id='word_1_431' title='bbox 61 2535 291 2594; x_wconf 71' lang='lat' dir='ltr'><em>yramine]</em></span> <span class='ocrx_word' id='word_1_432' title='bbox 334 2538 390 2579; x_wconf 82' lang='lat' dir='ltr'><em>cl.</em></span> <span class='ocrx_word' id='word_1_433' title='bbox 419 2535 512 2581; x_wconf 88' lang='lat' dir='ltr'><em>Cic.</em></span> <span class='ocrx_word' id='word_1_434' title='bbox 541 2538 724 2582; x_wconf 76' lang='lat' dir='ltr'><em>VerrIn.</em></span> <span class='ocrx_word' id='word_1_435' title='bbox 751 2539 829 2592; x_wconf 90' lang='lat' dir='ltr'><em>IV,</em></span> <span class='ocrx_word' id='word_1_436' title='bbox 857 2544 912 2587; x_wconf 84' lang='lat'><em>56</em></span> <span class='ocrx_word' id='word_1_437' title='bbox 944 2545 987 2583; x_wconf 83' lang='lat' dir='ltr'><em>et</em></span> <span class='ocrx_word' id='word_1_438' title='bbox 1014 2541 1067 2585; x_wconf 85' lang='lat' dir='ltr'><em>G.</em></span> <span class='ocrx_word' id='word_1_439' title='bbox 1095 2540 1389 2584; x_wconf 81' lang='lat' dir='ltr'><em>Garatonium</em></span> <span class='ocrx_word' id='word_1_440' title='bbox 1419 2538 1479 2581; x_wconf 86' lang='lat' dir='ltr'><em>ad</em></span> <span class='ocrx_word' id='word_1_441' title='bbox 1507 2539 1600 2584; x_wconf 84' lang='lat' dir='ltr'><em>Cic.</em></span> <span class='ocrx_word' id='word_1_442' title='bbox 1628 2553 1673 2595; x_wconf 89' lang='lat' dir='ltr'><em>p.</em></span> <span class='ocrx_word' id='word_1_443' title='bbox 1696 2538 1884 2581; x_wconf 85' lang='lat' dir='ltr'><em>Plancio</em></span> 
     </span>
     <span class='ocr_line' id='line_1_35' title="bbox 62 2599 1886 2668; baseline 0.001 -20"><span class='ocrx_word' id='word_1_444' title='bbox 62 2617 169 2661; x_wconf 85' lang='lat' dir='ltr'><em>cap.</em></span> <span class='ocrx_word' id='word_1_445' title='bbox 206 2610 262 2651; x_wconf 87' lang='grc'>25</span> <span class='ocrx_word' id='word_1_446' title='bbox 307 2599 327 2667; x_wconf 92' lang='grc' dir='ltr'>Η</span> <span class='ocrx_word' id='word_1_447' title='bbox 366 2606 484 2663; x_wconf 82' lang='lat' dir='ltr'><em>lapis</em></span> <span class='ocrx_word' id='word_1_448' title='bbox 527 2607 758 2665; x_wconf 82' lang='lat' dir='ltr'><em>quadrata</em></span> <span class='ocrx_word' id='word_1_449' title='bbox 803 2608 890 2652; x_wconf 90' lang='lat' dir='ltr'><em>W:</em></span> <span class='ocrx_word' id='word_1_450' title='bbox 949 2610 1100 2667; x_wconf 86' lang='lat' dir='ltr'><em>lapide</em></span> <span class='ocrx_word' id='word_1_451' title='bbox 1139 2609 1321 2668; x_wconf 82' lang='lat' dir='ltr'><em>quadra</em></span> <span class='ocrx_word' id='word_1_452' title='bbox 1356 2606 1415 2661; x_wconf 89' lang='lat' dir='ltr'><em>C;</em></span> <span class='ocrx_word' id='word_1_453' title='bbox 1477 2610 1595 2665; x_wconf 87' lang='lat' dir='ltr'><em>lapis</em></span> <span class='ocrx_word' id='word_1_454' title='bbox 1628 2608 1886 2666; x_wconf 81' lang='lat' dir='ltr'><em>quadratus</em></span> 
     </span>
     <span class='ocr_line' id='line_1_36' title="bbox 63 2669 1893 2743; baseline -0.001 -25"><span class='ocrx_word' id='word_1_455' title='bbox 63 2675 101 2718; x_wconf 92' lang='lat' dir='ltr'><strong>E</strong></span> <span class='ocrx_word' id='word_1_456' title='bbox 127 2669 150 2737; x_wconf 93' lang='grc' dir='ltr'>Η</span> <span class='ocrx_word' id='word_1_457' title='bbox 176 2678 229 2722; x_wconf 88' lang='grc'><em>16</em></span> <span class='ocrx_word' id='word_1_458' title='bbox 258 2688 389 2733; x_wconf 82' lang='lat' dir='ltr'><em>quem</em></span> <span class='ocrx_word' id='word_1_459' title='bbox 413 2677 455 2719; x_wconf 89' lang='lat' dir='ltr'><em>si</em></span> <span class='ocrx_word' id='word_1_460' title='bbox 475 2677 510 2718; x_wconf 86' lang='lat' dir='ltr'>E</span> <span class='ocrx_word' id='word_1_461' title='bbox 537 2669 558 2739; x_wconf 94' lang='grc' dir='ltr'>Η</span> <span class='ocrx_word' id='word_1_462' title='bbox 584 2682 745 2735; x_wconf 78' lang='lat' dir='ltr'><em>tanyas</em></span> <span class='ocrx_word' id='word_1_463' title='bbox 770 2678 819 2721; x_wconf 88' lang='lat' dir='ltr'><em>id</em></span> <span class='ocrx_word' id='word_1_464' title='bbox 841 2683 909 2722; x_wconf 86' lang='lat' dir='ltr'><em>est</em></span> <span class='ocrx_word' id='word_1_465' title='bbox 928 2685 1009 2724; x_wconf 87' lang='lat' dir='ltr'><em>aut</em></span> <span class='ocrx_word' id='word_1_466' title='bbox 1031 2672 1052 2743; x_wconf 96' lang='grc' dir='ltr'>Η</span> <span class='ocrx_word' id='word_1_467' title='bbox 1080 2682 1133 2726; x_wconf 88' lang='grc'><em>19</em></span> <span class='ocrx_word' id='word_1_468' title='bbox 1162 2678 1393 2722; x_wconf 87' lang='lat' dir='ltr'><em>Rhoeteon</em></span> <span class='ocrx_word' id='word_1_469' title='bbox 1421 2676 1456 2719; x_wconf 91' lang='lat' dir='ltr'>T</span> <span class='ocrx_word' id='word_1_470' title='bbox 1483 2679 1612 2732; x_wconf 86' lang='lat' dir='ltr'><em>(coll.</em></span> <span class='ocrx_word' id='word_1_471' title='bbox 1646 2676 1790 2721; x_wconf 85' lang='lat' dir='ltr'><em>Salm.</em></span> <span class='ocrx_word' id='word_1_472' title='bbox 1821 2674 1893 2718; x_wconf 14' lang='lat' dir='ltr'><em>adr</em></span> 
     </span>
     <span class='ocr_line' id='line_1_37' title="bbox 65 2737 1861 2809; baseline 0 -19"><span class='ocrx_word' id='word_1_473' title='bbox 65 2743 209 2790; x_wconf 87' lang='lat' dir='ltr'><em>Solin.</em></span> <span class='ocrx_word' id='word_1_474' title='bbox 236 2759 283 2803; x_wconf 87' lang='lat' dir='ltr'><em>p.</em></span> <span class='ocrx_word' id='word_1_475' title='bbox 309 2747 440 2798; x_wconf 87' lang='lat'>610):</span> <span class='ocrx_word' id='word_1_476' title='bbox 480 2751 602 2790; x_wconf 88' lang='lat' dir='ltr'><em>roete</em></span> <span class='ocrx_word' id='word_1_477' title='bbox 630 2744 662 2790; x_wconf 96' lang='grc' dir='ltr'>Ο</span> <span class='ocrx_word' id='word_1_478' title='bbox 686 2740 708 2809; x_wconf 94' lang='grc' dir='ltr'>Η</span> <span class='ocrx_word' id='word_1_479' title='bbox 734 2751 791 2793; x_wconf 87' lang='grc'>20</span> <span class='ocrx_word' id='word_1_480' title='bbox 815 2749 1007 2792; x_wconf 81' lang='lat' dir='ltr'><em>tumulus</em></span> <span class='ocrx_word' id='word_1_481' title='bbox 1032 2750 1092 2792; x_wconf 89' lang='lat' dir='ltr'><em>H:</em></span> <span class='ocrx_word' id='word_1_482' title='bbox 1121 2748 1266 2793; x_wconf 81' lang='lat' dir='ltr'><em>vultus</em></span> <span class='ocrx_word' id='word_1_483' title='bbox 1294 2746 1363 2790; x_wconf 89' lang='grc' dir='ltr'><em>ΟΕ</em></span> <span class='ocrx_word' id='word_1_484' title='bbox 1389 2741 1409 2807; x_wconf 92' lang='grc' dir='ltr'>Η</span> <span class='ocrx_word' id='word_1_485' title='bbox 1439 2746 1755 2791; x_wconf 83' lang='lat' dir='ltr'><em>Scamandrus</em></span> <span class='ocrx_word' id='word_1_486' title='bbox 1782 2744 1812 2790; x_wconf 90' lang='lat' dir='ltr'>S</span> <span class='ocrx_word' id='word_1_487' title='bbox 1839 2737 1861 2808; x_wconf 93' lang='grc' dir='ltr'>Η</span> 
     </span>
     <span class='ocr_line' id='line_1_38' title="bbox 62 2809 1884 2879; baseline 0.001 -22"><span class='ocrx_word' id='word_1_488' title='bbox 62 2813 238 2871; x_wconf 87' lang='lat' dir='ltr'><em>Ephesi</em></span> <span class='ocrx_word' id='word_1_489' title='bbox 260 2816 345 2858; x_wconf 88' lang='lat' dir='ltr'><em>W:</em></span> <span class='ocrx_word' id='word_1_490' title='bbox 385 2820 450 2859; x_wconf 86' lang='lat' dir='ltr'><em>est</em></span> <span class='ocrx_word' id='word_1_491' title='bbox 472 2816 561 2859; x_wconf 88' lang='lat' dir='ltr'><em>sidi</em></span> <span class='ocrx_word' id='word_1_492' title='bbox 583 2838 607 2863; x_wconf 57' lang='grc' dir='ltr'><em>,μ</em></span> <span class='ocrx_word' id='word_1_493' title='bbox 632 2814 687 2869; x_wconf 90' lang='grc' dir='ltr'><em>Ο,</em></span> <span class='ocrx_word' id='word_1_494' title='bbox 727 2821 775 2860; x_wconf 87' lang='lat' dir='ltr'><em>ut</em></span> <span class='ocrx_word' id='word_1_495' title='bbox 798 2816 1003 2871; x_wconf 58' lang='lat' dir='ltr'><em>videtum</em></span> <span class='ocrx_word' id='word_1_496' title='bbox 1040 2817 1222 2874; x_wconf 85' lang='lat' dir='ltr'><em>Epheso</em></span> <span class='ocrx_word' id='word_1_497' title='bbox 1246 2817 1282 2859; x_wconf 91' lang='lat' dir='ltr'>E</span> <span class='ocrx_word' id='word_1_498' title='bbox 1309 2809 1329 2879; x_wconf 95' lang='grc' dir='ltr'>Η</span> <span class='ocrx_word' id='word_1_499' title='bbox 1363 2822 1420 2864; x_wconf 92' lang='grc'><em>22</em></span> <span class='ocrx_word' id='word_1_500' title='bbox 1448 2829 1504 2860; x_wconf 86' lang='lat' dir='ltr'><em>ac</em></span> <span class='ocrx_word' id='word_1_501' title='bbox 1526 2817 1587 2859; x_wconf 92' lang='lat' dir='ltr'>W</span> <span class='ocrx_word' id='word_1_502' title='bbox 1615 2816 1696 2867; x_wconf 84' lang='lat' dir='ltr'><em>(es.</em></span> <span class='ocrx_word' id='word_1_503' title='bbox 1723 2814 1782 2858; x_wconf 79' lang='lat' dir='ltr'><em>ad</em></span> <span class='ocrx_word' id='word_1_504' title='bbox 1814 2817 1884 2869; x_wconf 84' lang='lat'><em>14,</em></span> 
     </span>
     <span class='ocr_line' id='line_1_39' title="bbox 64 2877 1884 2948; baseline -0.002 -18"><span class='ocrx_word' id='word_1_505' title='bbox 64 2885 90 2934; x_wconf 78' lang='lat' dir='ltr'>S</span> <span class='ocrx_word' id='word_1_506' title='bbox 120 2886 195 2937; x_wconf 86' lang='lat'><em>6):</em></span> <span class='ocrx_word' id='word_1_507' title='bbox 245 2898 334 2927; x_wconf 87' lang='lat' dir='ltr'><em>om.</em></span> <span class='ocrx_word' id='word_1_508' title='bbox 378 2883 411 2928; x_wconf 96' lang='grc' dir='ltr'>Ο</span> <span class='ocrx_word' id='word_1_509' title='bbox 445 2878 467 2948; x_wconf 94' lang='grc' dir='ltr'>Η</span> <span class='ocrx_word' id='word_1_510' title='bbox 501 2887 559 2931; x_wconf 84' lang='grc'>24</span> <span class='ocrx_word' id='word_1_511' title='bbox 593 2885 745 2930; x_wconf 89' lang='lat' dir='ltr'><em>Samio</em></span> <span class='ocrx_word' id='word_1_512' title='bbox 784 2877 805 2948; x_wconf 94' lang='grc' dir='ltr'>Η</span> <span class='ocrx_word' id='word_1_513' title='bbox 852 2891 906 2932; x_wconf 89' lang='grc'>25</span> <span class='ocrx_word' id='word_1_514' title='bbox 941 2891 1006 2929; x_wconf 87' lang='lat' dir='ltr'><em>est</em></span> <span class='ocrx_word' id='word_1_515' title='bbox 1042 2886 1243 2944; x_wconf 78' lang='lat' dir='ltr'><em>scyphus</em></span> <span class='ocrx_word' id='word_1_516' title='bbox 1275 2886 1362 2929; x_wconf 84' lang='lat' dir='ltr'><em>W:</em></span> <span class='ocrx_word' id='word_1_517' title='bbox 1418 2885 1629 2941; x_wconf 85' lang='lat' dir='ltr'><em>esciphus</em></span> <span class='ocrx_word' id='word_1_518' title='bbox 1664 2883 1720 2935; x_wconf 83' lang='lat' dir='ltr'><em>C;</em></span> <span class='ocrx_word' id='word_1_519' title='bbox 1781 2895 1884 2941; x_wconf 86' lang='lat' dir='ltr'><em>scy-</em></span> 
     </span>
     <span class='ocr_line' id='line_1_40' title="bbox 57 2946 1882 3018; baseline 0.001 -23"><span class='ocrx_word' id='word_1_520' title='bbox 57 2950 181 3007; x_wconf 81' lang='lat' dir='ltr'><em>phus</em></span> <span class='ocrx_word' id='word_1_521' title='bbox 219 2952 255 2995; x_wconf 91' lang='lat' dir='ltr'>E</span> <span class='ocrx_word' id='word_1_522' title='bbox 292 2946 312 3015; x_wconf 96' lang='grc' dir='ltr'>Η</span> <span class='ocrx_word' id='word_1_523' title='bbox 342 2953 500 3011; x_wconf 85' lang='lat' dir='ltr'><em>factus</em></span> <span class='ocrx_word' id='word_1_524' title='bbox 535 2966 597 2999; x_wconf 80' lang='lat' dir='ltr'><em>ex</em></span> <span class='ocrx_word' id='word_1_525' title='bbox 630 2953 720 2998; x_wconf 89' lang='lat' dir='ltr'><em>W:</em></span> <span class='ocrx_word' id='word_1_526' title='bbox 757 2953 915 3012; x_wconf 82' lang='lat' dir='ltr'><em>factus</em></span> <span class='ocrx_word' id='word_1_527' title='bbox 948 2960 1014 2998; x_wconf 88' lang='lat' dir='ltr'><em>est</em></span> <span class='ocrx_word' id='word_1_528' title='bbox 1053 2968 1114 3000; x_wconf 75' lang='lat' dir='ltr'><em>ex</em></span> <span class='ocrx_word' id='word_1_529' title='bbox 1154 2954 1223 2999; x_wconf 88' lang='grc' dir='ltr'><em>ΟΕ</em></span> <span class='ocrx_word' id='word_1_530' title='bbox 1260 2947 1282 3018; x_wconf 95' lang='grc' dir='ltr'>Η</span> <span class='ocrx_word' id='word_1_531' title='bbox 1316 2957 1371 3001; x_wconf 92' lang='grc'>29</span> <span class='ocrx_word' id='word_1_532' title='bbox 1407 2954 1523 2999; x_wconf 87' lang='lat' dir='ltr'><em>Rosi</em></span> <span class='ocrx_word' id='word_1_533' title='bbox 1555 2955 1631 2999; x_wconf 78' lang='lat' dir='ltr'><em>vel</em></span> <span class='ocrx_word' id='word_1_534' title='bbox 1666 2953 1789 2998; x_wconf 85' lang='lat' dir='ltr'><em>Roso</em></span> <span class='ocrx_word' id='word_1_535' title='bbox 1821 2951 1882 2997; x_wconf 88' lang='lat' dir='ltr'><em>C:</em></span> 
     </span>
    </p>
   </div>
  </div>
 </body>
</html>
