2020 3168
774 221 818 289 Ι,
840 222 906 272 22
929 218 1007 291 [11,
1028 219 1098 291 5]-
1247 265 1251 268 .
1691 221 1757 272 33

86 364 382 442 hastaeque
417 359 689 412 subiectus
721 359 931 410 invenit
960 364 1270 426 emptorem.
1322 355 1496 409 voluit
1518 355 1759 408 Annibal
1775 364 1839 406 48

89 440 277 485 contra
293 430 495 482 imitari
521 427 775 480 fiduciam
788 425 1132 496 subiecitque
1151 426 1488 494 argentarias
1511 424 1663 477 urbis
1682 432 1759 476 ta-

88 500 286 552 bernas
303 518 315 566 3
338 515 440 550 nec
460 504 635 550 sector
654 498 906 549 inventus
928 502 1024 562 est,
1045 502 1105 547 ut
1125 495 1264 547 scias
1286 495 1448 546 etiam
1473 495 1761 565 praesagia

89 569 218 620 fatis
244 567 501 620 adfuisse.

53 660 74 691 5
228 635 379 688 Nihil
406 643 586 686 actum
613 642 728 685 erat
755 641 906 685 tanta
937 634 1161 699 virtute,
1207 640 1357 686 tanto
1384 632 1571 685 favore
1598 633 1761 684 etiam
1776 649 1834 692 49

91 707 329 770 deorum,
362 705 410 755 si
438 702 656 772 quidem
686 702 756 754 ab
779 702 1047 772 Hispania
1063 701 1378 754 Hasdrubal
1405 701 1574 753 frater
1591 701 1762 754 Anni-

40 778 43 782 ’
89 774 230 827 balis
262 790 385 824 cum
413 772 656 822 exercitu
675 788 833 837 novo,
865 772 1022 822 novis
1041 770 1267 835 viribuS‚
1297 787 1441 822 nova
1470 769 1603 822 belli
1620 770 1761 822 mole

90 841 362 894 veniebat.
394 846 573 891 aetum
593 847 708 890 erat
725 838 914 909 procul
933 838 1114 904 dubio,
1142 839 1189 889 si
1208 839 1295 889 vir
1313 837 1405 889 ille
1436 855 1494 889 se
1515 856 1637 889 cum
1653 838 1759 889 fra·
1776 849 1834 890 50

90 923 173 963 tre
191 911 475 962 iunxisset.
515 915 595 959 set
613 906 756 959 hunc
776 925 1002 978 quoque,
1031 915 1240 959 tantum
1260 906 1404 977 quod
1423 905 1492 958 ab
1511 905 1653 976 Alpe
1673 907 1762 958 de-

35 1000 76 1033 ιο
96 978 404 1044 scenderat,
452 984 582 1047 aput
616 976 923 1028 Metaurum
967 983 1145 1028 castra
1174 983 1466 1027 metantem
1503 975 1763 1029 Claudius

91 1047 237 1101 Nero
269 1065 393 1099 cum
418 1045 579 1098 Livio
612 1044 912 1098 Salinatore
943 1044 1196 1098 debellat.
1250 1044 1396 1097 Nero
1432 1046 1490 1095 in
1516 1044 1765 1097 ultimum
1776 1060 1829 1101 51

92 1117 285 1170 Italiae
315 1114 574 1184 angulum
605 1122 967 1167 summoverat
995 1113 1338 1182 Annibalem,
1376 1113 1569 1166 Livius
1598 1116 1656 1165 in
1685 1113 1764 1165 di-

91 1186 466 1238 versissimam
482 1192 707 1254 partem,
730 1183 789 1235 id
807 1190 889 1235 est
905 1184 999 1234 ini
1039 1201 1125 1235 sas
1144 1185 1413 1235 nascentis
1433 1182 1624 1234 Italiae
1648 1182 1764 1234 fau-

94 1273 184 1307 ces
208 1256 365 1322 signa
384 1259 741 1305 converterat.
780 1260 946 1318 tanto,
967 1201 1035 1303 id)
1044 1259 1125 1303 est
1144 1253 1303 1319 omni,
1324 1270 1429 1323 qua
1446 1251 1537 1305 lon
1575 1252 1762 1304 issima
1775 1261 1832 1301 52

38 1342 79 1376 15
99 1331 183 1376 est
201 1321 376 1388 Italia,
410 1320 524 1373 solo
556 1322 922 1387 interiacente,
953 1338 1057 1391 quo
1087 1321 1330 1388 consilio,
1365 1339 1471 1392 qua
1489 1339 1550 1373 ce
1576 1322 1764 1373 eritate

95 1390 344 1445 eonsules
382 1396 560 1441 castra
602 1390 1034 1455 coniuncxerint,
1083 1390 1172 1442 ino
1212 1391 1522 1460 inatumque
1557 1390 1768 1442 hostem

95 1459 327 1514 conlatis
347 1459 924 1538 signisoppresserint,
953 1475 1128 1527 neque
1156 1459 1176 1508 i
1243 1458 1362 1511 fieri
1385 1458 1628 1511 Annibal
1649 1477 1766 1510 sen·

96 1530 241 1596 serit,
274 1526 498 1582 difficile
528 1527 677 1579 d1ctu
704 1534 800 1578 est.
871 1534 1014 1579 certe
1041 1526 1282 1579 Annibal
1309 1546 1368 1579 re
1396 1529 1613 1597 cognita
1640 1545 1761 1578 cum
1777 1536 1832 1579 53

93 1599 399 1679 proiectum
419 1596 602 1649 fratris
623 1603 784 1665 caput
812 1596 883 1648 ad
901 1614 1000 1648 sua
1018 1604 1195 1648 castra
1212 1596 1456 1663 vidisset,
1490 1602 1766 1665 ‘agnosco’

35 1668 271 1738 wmquit
311 1664 707 1718 ‘infelicitatem
739 1663 1123 1734 Carthaginis?
1173 1665 1307 1717 haec
1340 1666 1444 1717 fuit
1479 1666 1625 1717 illius
1664 1666 1771 1716 viri

91 1755 202 1857 pon
232 1737 348 1788 sine
386 1735 675 1805 praesagio
707 1734 940 1804 quodam
969 1733 1069 1786 fati
1096 1735 1409 1788 inminentis
1445 1737 1620 1806 prima
1647 1752 1771 1794 con-

119 1822 278 1858 esslo.

232 1873 352 1926 Iam
386 1880 592 1926 certum
627 1880 743 1924 erat
778 1873 1104 1926 Annibalem
1148 1875 1310 1926 etiam
1346 1876 1518 1944 ipsius
1558 1873 1766 1926 confes·
1785 1889 1843 1929 54

96 1945 245 1996 sione
262 1961 424 2013 posse
442 1943 615 2010 vinci3
637 1942 736 1994 sed
751 1949 830 1995 tot
847 1961 1028 1994 rerum
1043 1961 1424 2013 prosperarum
1442 1943 1641 1996 fiducia
1657 1942 1769 2012 ple-

36 2030 80 2062 25
96 2030 199 2064 nus
235 2011 468 2082 populus
504 2011 779 2064 Romanus
815 2030 903 2062 ma
942 2013 999 2062 ni
1033 2012 1376 2080 aestimabat,
1415 2013 1770 2083 asperrimum

94 2082 305 2135 hostem
334 2083 392 2133 in
422 2098 520 2132 sua
536 2080 728 2132 Africa
754 2029 1046 2133 debellare.
1092 2081 1228 2133 duce
1255 2082 1422 2150 igitur
1443 2081 1692 2152 Scipione
1711 2083 1769 2132 in
1785 2098 1841 2138 55

94 2153 271 2220 ipsam
290 2150 535 2204 Africam
559 2156 673 2202 tota
690 2150 830 2202 mole
850 2167 1143 2202 conversus
1174 2151 1373 2202 imitari
1404 2152 1580 2220 coepit
1600 2151 1769 2201 Anni-

95 2219 276 2271 balem
306 2227 358 2271 et
385 2218 578 2271 Italiae
609 2236 738 2271 suae
769 2218 951 2272 clades
981 2220 1038 2271 in
1067 2219 1258 2271 Africa
1287 2220 1584 2272 vindicare.
1636 2237 1769 2289 quas
1786 2238 1843 2279 56

97 2287 207 2354 ille,
238 2287 316 2339 dii
344 2288 490 2354 boni,
520 2287 883 2340 Hasdrubalis
915 2290 1098 2358 copias
1130 2289 1288 2355 fudit,
1334 2307 1466 2359 quos
1505 2288 1769 2359 Syphacis

41 2377 85 2411 30
100 2356 377 2409 Numidici
415 2358 560 2425 regis
599 2358 891 2427 equitatus!
962 2376 1098 2428 quae
1144 2365 1449 2428 quantaque
1490 2360 1771 2427 utriusque

99 2426 290 2479 classis
314 2434 491 2477 castra
511 2425 722 2478 facibus
751 2426 934 2478 inlatis
963 2445 1072 2478 una
1100 2435 1256 2480 nocte
1277 2427 1504 2479 delevit!
1539 2427 1770 2495 denique

98 2497 208 2547 iam
228 2513 337 2548 non
356 2513 388 2546 a
407 2496 565 2547 tertio
586 2494 783 2565 lapide,
815 2496 912 2548 sed
930 2498 1077 2565 ipsas
1102 2496 1447 2565 Carthaginis
1466 2504 1651 2566 portas
1679 2494 1770 2547 ob-

101 2565 313 2617 sidione
340 2563 632 2635 quatiebat.
687 2567 763 2616 sic
788 2565 992 2617 factum
1019 2574 1079 2617 ut
1111 2566 1482 2618 inhaerentem
1510 2573 1670 2634 atque
1691 2565 1840 2616 in--57

101 2633 391 2687 cubantem
409 2633 600 2685 Italiae
623 2641 964 2704 extorqueret
982 2634 1326 2687 Annibalem.
1353 2653 1463 2688 non
1482 2635 1585 2685 fuit
1604 2634 1773 2684 maior
1791 2643 1847 2684 58

44 2724 90 2758 35
111 2702 210 2754 sub
230 2704 454 2773 imperio
474 2703 715 2755 Romano
736 2703 850 2756 dies
871 2722 1029 2773 quam
1047 2704 1154 2770 ille,
1186 2722 1309 2757 cum
1333 2706 1438 2757 duo
1458 2704 1694 2756 omnium
1721 2709 1773 2752 et

102 2780 261 2823 antea
280 2781 332 2825 et
349 2779 538 2842 postea
559 2772 755 2825 ducum
770 2774 1002 2825 maxime
1024 2774 1203 2840 duceS,
1225 2774 1316 2825 ille
1342 2772 1547 2838 Italiae,
1569 2772 1658 2822 hic
1675 2770 1773 2822 Hi-

105 2842 324 2910 spaniae
344 2844 532 2907 victor,
554 2841 780 2893 conlatis
802 2844 1096 2895 comminus
1127 2844 1171 2893 si
1211 2845 1296 2893 nis
1318 2843 1564 2894 direxere
1584 2841 1771 2892 aciem.

102 2909 203 2961 sed
225 2917 277 2960 et
293 2910 635 2980 conloquium
654 2910 756 2963 fuit
773 2912 913 2962 inter
931 2913 1077 2981 ipsos
1100 2912 1166 2963 de
1208 2911 1398 2980 egibus
1418 2912 1568 2980 pacis
1597 2918 1649 2962 et
1671 2916 1775 2959 ste-

164 2996 357 3030 FLORVS.
1482 2980 1512 3030 3
