2020 3168
627 202 803 240 mmm
835 201 1216 242 unimanus.
1257 189 1332 240 II.
1803 194 1838 246 3

163 327 492 378 mentatione
531 328 587 378 in
626 319 895 396 Hymetto
916 333 1106 388 ‚monte
1127 326 1415 395 sepelivit,
1457 327 1577 396 ipsa
1612 345 1741 379 vero
1780 346 1838 379 se

165 395 447 465 suspendit
498 396 709 466 laqueo·
795 393 960 447 Canis
1004 394 1076 446 ad
1117 401 1285 463 pedes
1340 395 1453 445 eius
1493 395 1836 448 discumbens

163 464 364 516 diutius
412 473 465 516 et
507 465 624 516 sinc
659 463 930 516 alimentis
976 462 1233 516 deficiens
1278 470 1402 532 post
1446 481 1638 534 aquam
1675 465 1837 516 anhe-

162 534 281 584 lans
320 534 375 584 in
410 541 631 604 puteum
658 550 718 585 se
788 534 995 586 roiecit.
1070 531 1210 584 Tum
1237 531 1404 583 Liber
1439 550 1471 583 a
1501 533 1632 586 [ove
1665 535 1837 604 petiit,

165 602 310 672 quod
346 618 443 654 suo
477 602 703 672 imperio
781 602 1065 669 efecerint,
1102 610 1163 653 ut
1200 602 1339 652 inter
1376 602 1614 655 siderum
1649 620 1838 655 cursus

161 677 454 741 poneretur
494 671 579 722 vir
619 689 668 723 o.
742 670 951 723 Icarius
999 678 1180 722 autem
1220 674 1485 724 Arcturus
1532 673 1837 724 nominatus

162 748 268 806 est,
314 740 465 792 cuius
495 745 584 791 ‘ste
607 739 662 790 la
697 757 820 791 cum
856 740 1123 807 exoritur,
1174 741 1456 791 continuas
1491 748 1837 810 tempestates

165 809 318 861 facit:
357 809 506 860 canis
540 806 818 860 Canicula.
877 808 1071 875 Libra,
1111 825 1272 878 quam
1304 808 1502 860 Graeci
1540 806 1710 876 ζυγόν
1744 823 1877 879 ap-7

160 876 392 948 pellant,
430 876 590 929 virile
633 894 830 930 nomen
867 885 950 929 est
987 878 1022 941 †
1062 878 1317 947 adeptus:
1366 878 1458 948 qui
1493 878 1695 947 insigni
1735 879 1838 930 cle-

106 961 146 994 10
160 947 362 999 mentia
390 954 444 999 et
471 947 679 999 iustitia
709 946 998 1010 †·Mochos
1032 947 1236 1014 dictus3
1275 947 1367 1017 qui
1398 948 1603 1016 primus
1642 947 1839 999 dicitur

21 1019 25 1021 “
160 1015 332 1073 librae
416 1015 590 1068 ondus
638 1015 944 1068 hominibus
994 1017 1294 1083 invenisse,
1364 1032 1502 1085 quae
1548 1015 1839 1068 utilissima

159 1084 373 1137 mortali
412 1103 475 1137 us
509 1086 863 1152 existimatur,
902 1085 1133 1156 ideoque
1161 1086 1218 1136 in
1247 1102 1531 1136 numerum
1561 1085 1838 1137 stellarum

160 1161 408 1224 receptus
448 1161 531 1206 est
568 1161 621 1206 et
661 1154 830 1206 Libra
865 1161 946 1206 est
983 1154 1175 1206 dictus.
1252 1153 1532 1223 Scorpius,
1571 1156 1665 1225 qui
1706 1155 1877 1212 dici—8

159 1231 248 1276 tur
306 1223 377 1275 ad
424 1225 720 1293 perniciem
766 1224 985 1275 Orionis
1030 1225 1087 1275 in
1138 1223 1318 1275 insula
1367 1223 1503 1275 chio
1553 1225 1609 1274 in
1658 1231 1837 1276 monte

106 1311 146 1344 15
166 1292 423 1345 Pelinaeo
458 1292 735 1345 voluntate
768 1293 981 1344 Dianae
1018 1301 1192 1345 natus.
1261 1292 1432 1345 Orion
1466 1302 1671 1359 autem,
1710 1293 1838 1345 dum

86 1419 92 1422 ‚
160 1369 416 1428 venatur,
460 1362 582 1413 visa
610 1361 793 1413 Diana
835 1369 1083 1432 stuprare
1125 1380 1243 1414 eam
1284 1362 1471 1414 voluit.
1546 1362 1652 1414 Illa
1693 1379 1835 1415 scor-

158 1432 374 1501 pionem
418 1429 675 1497 subiecit,
722 1431 815 1501 qui
850 1448 973 1484 eum
1018 1432 1132 1483 vita
1166 1433 1423 1501 privaret.
1498 1431 1601 1502 Iup
1640 1433 1744 1483 iter
1783 1438 1836 1482 et

161 1499 497 1570 scorpionem
526 1507 581 1551 et
607 1499 865 1553 Orionem
900 1501 1043 1552 inter
1083 1500 1265 1553 sidera
1304 1501 1523 1570 recepit.
1600 1449 1875 1569 &agina-9

159 1570 298 1636 rius,
340 1569 568 1637 Croton,
605 1569 748 1622 filius
775 1572 1054 1638 Euphemes*
1083 1570 1308 1622 nutricis
1344 1569 1638 1637 Musarum,
1676 1589 1834 1640 quem

29 1670 32 1675 -
104 1656 145 1687 20
162 1638 352 1691 Musae
388 1657 601 1709 semper
633 1639 939 1692 dilexerunt
977 1644 1065 1707 (ἕο,
1105 1640 1250 1709 quod
1285 1639 1479 1710 plausu
1508 1647 1562 1691 et
1594 1639 1714 1691 lusu
1753 1658 1834 1690 sa-

160 1708 418 1777 gittarum
467 1726 557 1760 eas
602 1716 870 1761 avocaret.
943 1709 1058 1761 Alii
1098 1709 1392 1763 Chironem
1428 1709 1640 1775 dicunt,
1691 1709 1836 1778 quod

161 1779 331 1829 iustus
361 1785 414 1829 et
440 1778 587 1847 pius,
619 1777 808 1831 doctus
818 1818 833 1844 ,
869 1778 1152 1849 hospitalis
1183 1778 1363 1831 fuerit.
1418 1778 1509 1830 Ab
1538 1796 1599 1830 eo
1630 1780 1834 1830 Aescu—

160 1846 335 1916 lapius
364 1847 713 1914 medicinam,
748 1847 991 1900 Achilles
1015 1848 1279 1900 citharam
1311 1858 1364 1900 et
1390 1854 1486 1900 alii
1512 1847 1620 1899 alia
1648 1847 1830 1899 multa.

162 1915 242 1968 Ca
278 1917 548 1983 ricornuS,
595 1917 682 1968 cui
717 1933 913 1969 nomen
947 1917 1082 1968 Pan.
1167 1916 1289 1982 Quo
1324 1925 1565 1987 tempore
1603 1917 1833 1986 Typhon
1853 1933 1905 1974 10

34 1991 41 1996 ’
99 2001 144 2033 25
161 2003 255 2055 spe
277 2002 445 2038 uncas
475 1986 718 2038 incolens
740 1987 799 2038 in
817 1993 998 2039 monte
1018 1986 1198 2038 Tauro
1218 1987 1530 2056 Aegyptum
1557 1986 1831 2055 profectus

159 2061 241 2106 est
268 2054 339 2107 ad
366 2054 584 2121 bellum,
618 2054 736 2107 Pan
756 2073 814 2107 se
838 2057 895 2107 in
919 2074 1114 2126 caprae
1140 2055 1369 2124 figuram
1391 2056 1674 2108 convertit.
1726 2055 1833 2123 Igi-

157 2132 245 2175 tur
264 2123 339 2175 dii
359 2124 704 2192 immortales,
732 2130 1017 2196 postquam
1033 2124 1354 2194 Typhonem
1379 2124 1546 2193 digna
1562 2142 1737 2194 poena
1755 2124 1832 2174 af-

158 2193 428 2258 fecerunt,
459 2193 612 2245 Pana
634 2202 899 2247 astrorum
917 2197 1177 2258 memoria
1194 2194 1604 2246 decoraverunt.
1651 2198 1701 2244 A
1741 2209 1899 2250 ua-11

28 2263 41 2311 l
156 2262 295 2327 rius,
381 2263 437 2314 ui
472 2270 690 2332 putatur
727 2282 844 2316 esse
880 2262 1253 2334 Ganymedes,
1297 2263 1493 2315 dicitur
1527 2261 1719 2314 Deuca
1742 2263 1832 2313 ion

28 2318 45 2419 {s
102 2347 143 2379 30
163 2330 334 2383 Thess
391 2349 479 2397 us,
532 2333 650 2403 qui,
698 2351 819 2385 cum
855 2333 1089 2386 maximo
1136 2332 1463 2403 cataclysmo
1501 2350 1622 2384 cum
1662 2349 1834 2391 uxore

158 2400 334 2470 Pyrra
378 2401 523 2453 solus
573 2404 861 2470 evasisset,
909 2402 998 2454 hic
1027 2403 1243 2472 pietatis
1280 2419 1447 2454 causa
1480 2402 1621 2453 inter
1654 2401 1833 2453 sidera

159 2470 365 2522 locatus
402 2478 500 2522 est.
574 2471 789 2539 Pisces,
828 2473 950 2524 ideo
984 2470 1235 2544 ,[pisces],
1279 2472 1407 2542 quia
1441 2470 1588 2523 bello
1625 2470 1902 2537 Gigan-12

36 2570 45 2618 'l
157 2548 270 2590 tum
289 2539 476 2591 Venus
506 2540 819 2611 perturbata
843 2543 900 2593 in
957 2543 1122 2593 iscem
1143 2560 1202 2593 se
1227 2540 1652 2609 transfiguravit.
1692 2538 1833 2590 Nam

38 2620 51 2702 ξ
159 2608 356 2660 dicitur
404 2618 456 2662 et
489 2609 550 2661 in
585 2609 874 2680 Euphrate.
899 2560 1065 2663 {favio
1111 2628 1271 2663 ovum
1310 2611 1475 2679 piscis
1524 2608 1591 2639 Η
1637 2611 1694 2659 in
1737 2625 1834 2660 ora

39 2703 50 2724 .-
102 2698 144 2732 35
156 2676 392 2730 fluminis
426 2677 673 2731 columba
701 2679 981 2732 adsedisse
1012 2680 1129 2732 dies
1158 2680 1421 2750 plurimos
1451 2686 1505 2731 et
1535 2677 1833 2729 exclusisse

0 2741 3 2757 '
48 2753 51 2758 “
160 2745 316 2800 deam
352 2747 644 2817 benignam
672 2756 724 2800 et
748 2749 1152 2801 misericordem
1186 2748 1492 2800 hominibus
1528 2747 1599 2799 ad
1632 2746 1834 2798 bonam

160 2816 345 2938 vittam.
420 2817 714 2888 Vtriusque
747 2818 1036 2870 memoriae
1077 2835 1242 2869 causa
1269 2818 1444 2886 pisces
1482 2818 1623 2868 inter
1652 2815 1836 2868 sidera

161 2903 231 2936 no
271 2886 445 2938 iitati.

1421 2959 1488 3003 1³3²
