2020 3168
126 261 216 300 χιι
867 259 1213 298 PRAEFATIO.
1295 235 1300 238 ¹

130 380 225 426 noli
254 380 394 438 igitur
425 380 628 424 scribere
653 381 948 435 praetextum
974 378 1052 422 vel
1076 380 1377 436 prooemium.>
1409 371 1431 443 Η
1475 383 1534 427 28
1559 383 1708 429 cladis
1742 376 1768 448 ss
1801 384 1948 431 Liter-

125 463 236 496 num
270 449 356 494 W:
395 450 632 494 listernum
673 445 731 502 C;
786 446 991 492 Ticinum
1027 448 1088 492 F:
1141 449 1200 493 cs.
1240 447 1301 492 ad
1338 451 1410 502 28,
1448 452 1476 501 S
1513 452 1542 495 4
1580 444 1603 515 Η
1645 456 1701 500 31
1739 456 1952 500 trasime-

125 533 235 564 num
269 513 291 583 Η
323 523 382 566 33
407 517 591 574 perculi
619 514 680 571 C;
720 528 781 559 an
806 514 948 560 Pauli
972 515 1182 562 Aemilii?
1217 509 1241 581 ss
1278 521 1336 564 35
1361 517 1450 561 sibi
1475 526 1711 566 cunctator
1735 522 1796 579 C;
1833 525 1949 569 Aur.

129 589 248 635 vict.
272 589 331 633 de
351 588 449 632 Vir.
470 586 539 630 Ill.
561 587 646 632 14:
686 583 701 608 ‘
718 583 965 630 Cunctator
990 588 1047 631 ab
1070 586 1455 631 obtrectatoribus
1480 587 1669 635 dictus.'
1696 584 1719 655 ss

268 654 351 716 30,
377 661 405 703 2
433 656 617 712 penitus
652 653 720 698 H:
748 666 903 712 penae
938 656 1054 700 ictus
1081 654 1114 700 C
1148 648 1170 719 Π
1212 655 1455 701 trucidavit
1486 656 1549 702 D:
1587 663 1807 706 cruciavit
1841 660 1874 707 C
1903 653 1927 726 Η

125 731 155 775 8
189 726 512 772 consummavit
546 728 588 769 et
621 723 708 768 W:
755 726 1080 770 consummavit
1114 723 1185 770 ΟΕ
1221 719 1244 790 Η
1280 726 1411 782 [cum
1449 725 1673 785 Tiyrane]
1711 730 1950 787 glossema

127 809 233 841 esse
261 801 369 854 puto
408 808 466 838 ex
491 795 595 838 loco
625 799 842 852 corrupto
875 797 947 850 32,
976 797 1003 847 S
1024 799 1049 840 1
1079 796 1361 852 profectum:
1398 807 1500 839 cum
1528 797 1726 857 Tiyrane
1760 812 1862 844 cum
1889 798 1950 854 C;

126 866 180 911 Ο.
215 865 403 910 Iahnius
445 864 568 908 hunc
606 864 759 908 locum
799 864 867 908 sic
903 864 1163 909 constituit:
1214 867 1538 911 consummavit
1571 868 1692 923 [una
1731 880 1834 913 cum
1875 868 1951 913 Ti-

123 1083 261 1142 duces
300 1087 344 1125 ct
375 1081 590 1124 ducentos
623 1085 670 1124 ut
709 1084 779 1136 13,
813 1085 840 1133 5
875 1085 920 1128 3.
981 1081 1054 1124 An
1080 1079 1202 1128 CON
1219 1099 1292 1121 =
1315 1081 1557 1128 consules?
1591 1077 1612 1148 ΙΙ
1648 1090 1702 1132 15
1744 1084 1952 1143 Populus

123 1152 362 1197 Romanus
383 1161 473 1207 per
497 1150 585 1193 W:
613 1161 706 1206 per
732 1148 803 1193 ΟΕ
829 1142 851 1212 ΙΙ
884 1149 1162 1195 Flaminium
1196 1144 1218 1216 ΙΙ
1260 1153 1366 1198 vicit
1386 1162 1477 1208 per
1498 1151 1696 1198 Paulum
1721 1155 1950 1200 consulem

123 1218 148 1244 *
165 1221 187 1247 *
212 1221 312 1276 sub]
346 1220 412 1264 sic
441 1219 635 1275 scripsi:
674 1220 819 1262 verba
836 1230 929 1276 per
953 1218 1007 1263 P.
1037 1232 1078 1263 c.
1119 1221 1164 1264 in
1191 1220 1263 1266 ΟΕ
1293 1233 1438 1266 versu
1464 1224 1675 1279 sequenti
1698 1229 1804 1281 post
1834 1224 1943 1270 Car«

122 1291 427 1349 thayinienses
467 1289 708 1345 leguntur;
761 1289 805 1331 in
847 1290 1013 1333 lacuna
1047 1291 1158 1334 latet
1191 1291 1385 1336 eosdem.
1421 1283 1443 1353 Η
1488 1295 1544 1339 16
1582 1292 1851 1338 rebellantes
1884 1291 1947 1337 H:

123 1362 339 1405 bellantes
361 1357 393 1402 C
419 1350 442 1421 Η
468 1359 522 1404 17
541 1370 631 1415 per
651 1357 908 1414 Scipionem
930 1358 1179 1404 Asiaticum
1207 1361 1290 1405 W:
1314 1373 1457 1418 perse
1482 1363 1530 1405 in
1557 1360 1606 1406 C.
1655 1363 1802 1406 Aliter
1825 1362 1948 1406 hunc

123 1431 277 1474 locum
302 1431 532 1472 tentarunt
549 1429 582 1472 P
605 1431 649 1470 et
667 1427 703 1470 T
728 1420 750 1491 Η
775 1432 832 1473 20
850 1439 941 1485 per
964 1429 1154 1473 eundem
1173 1429 1446 1487 Scipionem]
1475 1436 1572 1475 erat
1599 1432 1637 1475 is
1660 1431 1714 1485 Q.
1734 1430 1949 1476 Servilius

123 1500 304 1557 Caepio.
331 1490 354 1561 ss
379 1501 434 1543 21
453 1496 829 1542 CallaeciamW:
855 1497 1046 1542 Galliam
1061 1497 1093 1543 C
1119 1491 1140 1562 ΙΙ
1165 1503 1220 1547 26
1238 1498 1289 1526 **
1303 1512 1395 1557 per
1405 1499 1686 1557 Pompeium]
1706 1500 1947 1559 supplevi:

123 1583 217 1613 om.
248 1567 281 1613 C
304 1560 327 1631 ΙΙ
352 1570 410 1613 28
433 1565 619 1610 Asiatas
640 1565 700 1621 C3
726 1566 953 1611 Asiaticas
980 1568 1109 1622 (item
1135 1571 1202 1622 18,
1224 1571 1250 1621 §
1271 1572 1325 1616 18
1342 1570 1593 1624 Asiaticae)
1612 1569 1819 1614 Halmius
1841 1571 1947 1613 coll.

123 1652 162 1683 c.
184 1642 258 1692 -15,
286 1641 311 1689 S
342 1639 411 1683 18.
439 1630 459 1698 Η
486 1640 544 1684 30
578 1636 751 1681 Gallias
778 1635 1048 1681 Germanias
1085 1643 1127 1681 et
1156 1638 1481 1683 Brittanniam.
1534 1637 1628 1683 Sub
1650 1639 1737 1683 W:
1778 1639 1951 1684 Gallias

122 1713 164 1752 et
185 1707 473 1752 Germanias.
514 1706 825 1750 Brittanniam
850 1707 933 1751 sub
961 1705 1033 1751 CE
1059 1699 1081 1770 Η

264 1771 346 1836 31,
372 1779 400 1823 6
435 1776 543 1835 quia
566 1779 646 1820 aut
666 1774 903 1843 Halmius:
945 1777 1052 1834 quia
1077 1775 1166 1820 hae
1194 1775 1251 1833 C,
1291 1776 1376 1821 sed
1411 1776 1620 1821 additum
1656 1777 1702 1821 in
1737 1776 1948 1834 margine
2019 1769 2020 1814 ἕ

121 1848 272 1904 prima
299 1857 461 1890 manu:
491 1845 582 1889 ‘lia
612 1845 657 1888 in
677 1844 805 1901 Ms';
832 1847 939 1904 quia
964 1845 1079 1890 lzaec
1102 1846 1139 1889 E
1166 1839 1187 1909 Η
1222 1851 1302 1890 aut
1323 1859 1414 1903 per
1440 1846 1583 1892 tribus
1606 1846 1759 1891 idem:
1794 1851 1836 1890 et
1858 1857 1949 1903 per

122 1918 264 1961 tribus
287 1914 344 1970 C;
375 1929 435 1960 an
458 1914 574 1960 haec
593 1926 683 1972 per
707 1912 883 1959 tribus?
918 1908 940 1978 11
975 1916 1001 1962 7
1027 1921 1109 1959 aut
1124 1927 1215 1972 per
1240 1918 1473 1960 centurias
1500 1929 1591 1962 om.
1625 1915 1683 1961 C:
1718 1929 1778 1960 an
1809 1927 1947 1973 prae-

124 1991 212 2030 stat
234 1985 351 2030 lzaec
369 1997 459 2043 per
482 1981 752 2030 centurias?
786 1977 807 2048 Η
842 1988 871 2032 8
894 1983 969 2039 sit]
998 1988 1064 2029 est
1088 1984 1297 2029 Halmius
1332 1977 1353 2049 ΙΙ
1392 1990 1446 2032 12
1468 1986 1539 2031 De
1560 1987 1726 2043 populi
1750 1983 1952 2030 Romani

121 2055 503 2099 distributionibus
522 2069 613 2099 om.
638 2053 670 2098 C
694 2046 716 2118 ΙΙ
753 2056 805 2101 17
833 2054 1138 2098 Lucerensem
1157 2054 1247 2099 W:
1275 2055 1497 2100 Lucerem
1519 2055 1552 2101 C
1575 2050 1596 2118 Η
1621 2056 1822 2114 sequitur
1840 2053 1877 2097 E
1901 2045 1923 2116 {i

124 2128 177 2171 19
214 2130 257 2168 et
292 2124 517 2168 distribuit
552 2125 730 2168 ratione
764 2123 817 2168 Ο.
856 2123 1071 2168 Iahnius:
1112 2129 1155 2169 et
1188 2123 1438 2169 bitriatione
1477 2123 1537 2179 C;
1584 2124 1736 2169 habita
1771 2123 1948 2166 ratione

124 2194 171 2238 C.
192 2195 265 2237 Fr.
290 2194 582 2238 Hermannus
597 2206 609 2248 ;
637 2194 694 2237 ab
714 2194 948 2238 iteratione
965 2193 1002 2238 E
1030 2188 1051 2257 Η
1074 2199 1130 2241 21
1155 2195 1199 2238 in
1220 2194 1476 2251 republica
1496 2194 1585 2238 W:
1611 2196 1659 2238 in
1678 2192 1735 2237 P.
1755 2191 1816 2236 R.
1845 2190 1878 2235 C
1904 2186 1927 2255 Η

123 2264 296 2308 valeret
316 2263 404 2307 W:
432 2265 605 2310 valeret
626 2267 669 2307 et
694 2262 727 2308 C
761 2256 783 2327 Η
815 2267 872 2310 22
895 2265 1004 2322 quia
1027 2265 1116 2308 W:
1156 2265 1235 2322 qui
1265 2262 1297 2308 C
1313 2276 1324 2318 ;
1364 2276 1454 2321 qua
1478 2263 1514 2307 E
1541 2264 1722 2308 clientes
1739 2262 1818 2321 qui
1838 2260 1948 2307 Hal—

122 2333 242 2376 mius
281 2325 303 2396 Η
338 2334 394 2379 27
428 2334 596 2379 seleuci
623 2337 865 2390 portorum
898 2332 960 2389 C;
1009 2332 1349 2392 Spartanorum
1380 2332 1433 2378 Ο.
1467 2333 1656 2378 Iahnius
1694 2325 1717 2396 ΙΙ
1751 2332 1809 2378 33
1843 2337 1949 2386 post

122 2406 399 2458 potestatem
428 2402 461 2447 C
484 2402 646 2447 habet:
680 2402 887 2460 Explicit
909 2403 1042 2448 Lucii
1064 2403 1260 2461 Ampelii
1281 2402 1393 2447 liber
1417 2402 1481 2446 ad
1502 2401 1783 2447 Macrinum.
1811 2393 1834 2462 Η

265 2470 362 2516 Sed
386 2472 658 2530 priusquam
683 2472 925 2529 praefandi
951 2473 1089 2517 finem
1118 2473 1308 2527 faciam,
1334 2472 1566 2516 maximae
1593 2471 1705 2516 mihi
1734 2469 1947 2528 agendae

124 2545 230 2584 sunt
255 2542 431 2598 gratiae
460 2541 676 2587 Carolo
697 2542 955 2599 Halmio,
986 2544 1063 2600 qui
1089 2556 1182 2586 non
1209 2543 1359 2586 solum
1384 2555 1503 2600 quae
1528 2542 1628 2599 ipse
1648 2542 1696 2585 in
1733 2539 1946 2597 Ampelio

124 2610 485 2668 emendaverat,
511 2612 867 2667 liberalissime,
894 2618 943 2656 ut
969 2613 1110 2669 solet,
1138 2625 1317 2658 mecum
1344 2602 1704 2656 communicavit
1730 2609 1948 2654 consilio-

125 2693 213 2735 que
239 2694 323 2724 suo
346 2694 420 2725 me
440 2681 634 2737 adiuvit,
657 2681 743 2725 sed
759 2693 817 2725 ne
837 2682 1047 2726 laborem
1065 2681 1253 2740 quidem
1270 2680 1445 2726 codicis
1463 2680 1760 2726 Monacensis
1782 2679 1946 2722 iterum

124 2750 389 2794 excutiendi
427 2752 680 2798 recusavit.
745 2751 897 2806 Quare
934 2753 973 2796 si
1000 2751 1111 2810 quid
1141 2751 1231 2796 hac
1270 2750 1566 2795 adnotatione
1604 2750 1760 2793 critica
1793 2747 1946 2805 prose·

124 2819 247 2862 cisse
273 2819 495 2876 videbor,
527 2817 575 2865 id
602 2823 645 2866 ei
673 2834 846 2878 magna
869 2834 927 2864 ex
954 2826 1085 2880 parte
1112 2826 1352 2878 acceptum
1377 2819 1673 2864 referendum
1703 2817 1805 2863 erit.

268 2899 538 2948 Scribebam
563 2904 610 2947 in
634 2902 893 2947 Academia
918 2903 1118 2961 Georgia
1149 2903 1363 2961 Augusta

416 2973 533 3031 ipsis
561 2973 664 3018 Kal.
694 2972 876 3018 Octobr.
909 2971 1219 3017 MDCCCLIII.
