2020 3168
191 161 259 212 82
784 171 959 210 ηοω
978 170 1256 210 EPITOMA.

189 297 498 368 provincias
537 313 697 365 quam
732 296 909 364 ipsum
945 296 1112 365 sequi.
1141 336 1143 338 .
1170 293 1407 361 Siciliam
1444 303 1498 348 et
1533 295 1852 363 Sardiniam,

125 379 180 422 23
197 383 440 419 annonae
494 365 746 433 pignera,
800 382 897 432 per
948 363 1155 433 legatos
1210 363 1388 415 habet.
1480 364 1615 421 nihil
1658 364 1854 417 hostile

194 442 308 488 erat
342 436 399 486 in
436 432 641 499 Gallia3
688 450 877 501 pacem
907 433 1024 502 ipse
1060 432 1280 483 fecerat.
1356 433 1452 484 sed
1495 433 1567 485 ad
1599 433 1853 502 Hispani·
1922 446 1927 453 ’

194 522 349 556 enses
385 501 608 570 Pompei
646 501 914 552 exercitus
945 502 1246 552 transeunti
1277 519 1375 571 per
1413 520 1531 554 eam
1577 502 1701 553 duci
1734 521 1854 572 por·
1907 566 1909 568 Ι

191 581 274 624 tas
304 570 554 623 claudere
590 587 723 621 ausa
757 569 1003 620 Massilia
1038 577 1136 621 est.
1184 571 1383 621 misera
1419 570 1547 623 dum
1584 572 1729 640 cupit
1761 589 1853 640 pa·
1885 587 1907 619 5

192 660 335 707 cem,
372 638 505 692 belli
536 646 681 690 metu
718 640 775 689 in
811 637 1014 690 bellum
1045 639 1263 706 incidit3
1302 639 1398 691 sed
1433 641 1558 709 quia
1593 647 1709 691 tuta
1743 658 1854 691 mu-

120 726 176 766 24
192 711 267 762 ris
307 716 445 775 erat,
493 709 640 760 vinci
677 726 794 759 cam
831 707 935 758 sibi
984 708 1142 759 iussit
1178 707 1406 760 absenti.
1481 708 1748 762 Graecula
1785 709 1855 761 ci-

192 781 334 831 vitas
380 796 490 830 non
532 795 629 846 pro
666 776 893 829 mollitia
924 777 1154 829 nominis
1195 784 1248 828 et
1282 777 1486 830 vallum
1520 796 1766 848 rumpere
1804 785 1857 829 et

193 848 481 901 incendere
537 846 812 898 machinas
859 863 1016 912 ausa,
1075 848 1236 897 etiam
1284 848 1541 916 congredi
1596 847 1854 912 navibus3

121 936 175 976 25
194 918 290 970 sed
324 917 552 981 Brutus,
602 916 689 967 cui
723 915 1035 967 mandatum
1069 922 1183 966 erat
1218 915 1444 984 bellum,
1500 917 1674 968 victos
1709 923 1854 967 terra
1872 938 1911 971 10

191 987 433 1056 marique
467 985 786 1054 perdomuit.
850 1001 978 1035 mox
1012 983 1331 1035 dedentibus
1371 1003 1428 1036 se
1465 987 1643 1039 omnia
1677 985 1858 1037 ablata

193 1063 407 1126 praeter
454 1071 614 1123 quam
647 1055 910 1122 potiorem
947 1051 1193 1104 omnibus
1228 1052 1500 1106 habebant
1535 1054 1855 1105 libertatem.
1900 1076 1906 1081 *

123 1134 178 1175 26
332 1124 548 1192 Anceps
593 1123 908 1242 varimnqpe
954 1121 1049 1172 sed
1098 1122 1436 1174 incruentum
1490 1124 1548 1175 in
1591 1122 1859 1192 Hispania

193 1193 397 1246 bellum
432 1209 553 1244 cum
588 1191 780 1259 legatis
841 1190 959 1241 *nei
990 1189 1238 1260 Pompei,
1275 1190 1488 1246 Petreio
1527 1199 1580 1244 et
1610 1191 1856 1258 AfraniO,

194 1280 326 1333 quos
346 1260 557 1312 Ilerdae
594 1267 770 1311 castra
805 1258 1065 1311 habentes
1102 1267 1231 1329 aput
1261 1258 1488 1314 Sicorim
1524 1279 1735 1313 amnem
1764 1261 1854 1314 ob·
1873 1277 1912 1309 15
1988 1309 1992 1327 ς

120 1346 174 1385 27
195 1333 370 1384 sidere
408 1338 460 1381 et
500 1329 568 1381 ab
607 1329 802 1398 oppido
839 1328 1198 1380 intercludere
1235 1330 1568 1398 adgreditur.
1643 1331 1860 1382 interim

194 1400 486 1453 abundatio
519 1400 675 1450 verni
708 1398 943 1449 fluminis
980 1398 1361 1450 commeatibus
1396 1400 1742 1469 prohibebat:
1782 1400 1860 1450 sic

193 1471 336 1522 fame
374 1475 551 1521 castra
584 1475 842 1537 temptata
879 1474 1016 1533 sunt,
1053 1467 1408 1538 obsessorque
1435 1470 1551 1539 ipse
1588 1469 1741 1539 quasi
1768 1467 1858 1520 ob-

123 1545 178 1587 28
196 1539 487 1591 sidebatur.
574 1537 669 1588 sed
711 1536 807 1588 ubi
852 1552 964 1606 pax
996 1536 1231 1588 fluminis
1267 1537 1455 1604 rediit,
1503 1538 1857 1608 populationi-

192 1609 293 1660 bus
332 1615 384 1659 et
414 1624 627 1676 pugnae
666 1622 880 1675 campos
917 1607 1149 1675 aperuit,
1187 1607 1381 1657 iterum
1410 1607 1567 1659 ferox
1600 1608 1766 1659 instat
1803 1613 1855 1658 et
1870 1623 1913 1656 20

195 1678 446 1729 cedentes
485 1676 555 1727 ad
583 1675 931 1727 Celtiberiam
953 1682 1268 1727 consecutus
1301 1693 1501 1745 aggere
1538 1684 1590 1728 et
1625 1676 1768 1728 vallo
1807 1683 1859 1727 et

123 1765 178 1807 29
193 1765 291 1817 per
325 1746 460 1797 haec
497 1746 585 1796 siti
623 1743 690 1796 ad
726 1744 1053 1796 deditionem
1089 1744 1345 1814 conpulit.
1397 1746 1475 1797 sic
1511 1747 1726 1798 citerior
1761 1745 1858 1796 Hi—

197 1817 385 1885 spania
428 1820 646 1883 recepta
691 1820 794 1879 est,
845 1831 944 1865 nec
990 1813 1214 1866 ulterior
1259 1817 1463 1867 moram
1507 1815 1653 1867 fecit.
1729 1814 1859 1885 quid

196 1886 338 1937 enim
368 1901 478 1935 una
549 1890 631 1935 ost
669 1884 902 1952 quinque
937 1882 1218 1951 legiones?
1255 1884 1435 1955 itaque
1463 1884 1605 1937 ultro
1635 1884 1857 1937 cedente

193 1954 439 2006 Varrone
541 1952 696 2018 adeS,
745 1951 964 2018 fretum,
1013 1952 1260 2004 Oceanus
1269 1993 1284 2020 ,
1336 1955 1514 2006 omnia
1545 1953 1857 2005 felicitatem
1871 1968 1914 2000 25

198 2022 447 2076 Caesaris
487 2020 864 2091 sequebantur.

123 2102 179 2144 30
263 2107 272 2123 *
335 2090 560 2161 Aliquid
608 2098 789 2142 tamen
840 2090 1100 2143 adversus
1155 2090 1433 2143 absentem
1487 2092 1676 2143 ducem
1729 2108 1859 2143 ausa

193 2162 435 2214 Fortuna
485 2167 566 2211 est
613 2161 757 2211 circa
791 2158 1068 2229 Illyricam
1117 2166 1169 2210 et
1200 2159 1445 2212 Africam
1488 2179 1657 2226 oram,
1707 2161 1860 2230 quasi

127 2246 178 2287 31
200 2231 266 2284 dc
301 2229 566 2282 industria
594 2245 854 2299 prospera
891 2229 1004 2280 eius
1042 2228 1284 2280 adversis
1320 2230 1573 2281 radiaret.
1663 2230 1858 2299 quippe

195 2319 317 2352 cum
351 2299 534 2350 fauces
570 2298 802 2351 Adriani
837 2298 999 2349 maris
1032 2298 1166 2348 iussi
1203 2316 1463 2368 occupare
1490 2297 1778 2352 Dolabella
1805 2304 1856 2349 ct
1871 2310 1913 2342 30

192 2370 478 2434 AntoniuS,
515 2367 607 2419 ille
644 2367 864 2437 Illyrico
875 2407 889 2433 ,
927 2366 1016 2418 hic
1054 2365 1321 2420 Curictico
1358 2368 1513 2420 litore
1552 2376 1726 2419 castra
1762 2384 1854 2435 po·-

196 2439 442 2503 suissent,
485 2437 593 2487 iam
628 2437 798 2487 maria
831 2436 938 2487 late
973 2444 1189 2488 tenente
1222 2437 1495 2507 PompeiO,
1532 2445 1751 2507 repente
1782 2436 1853 2486 le-

196 2514 352 2576 gatus
405 2507 517 2558 eius
556 2505 812 2567 Octavius
849 2505 986 2557 Libo
1035 2505 1344 2573 ingentibus
1396 2508 1562 2577 copiis
1607 2505 1853 2557 classico-

124 2595 179 2636 32
195 2595 315 2627 rum
349 2582 631 2645 utrumque
667 2576 1033 2626 circumvenit.
1110 2575 1436 2627 deditionem
1472 2576 1639 2627 fames
1679 2581 1853 2626 extor-

199 2647 267 2696 sit
300 2646 555 2696 Antonio.
594 2646 789 2695 missae
827 2661 1036 2713 quoque
1073 2661 1104 2693 a
1140 2644 1324 2696 Basilo
1357 2646 1413 2696 in
1446 2645 1706 2697 auxilium
1736 2644 1849 2695 eius
1868 2663 1911 2696 35

197 2722 367 2780 rates,
405 2713 588 2783 quales
627 2714 808 2782 inopia
844 2714 1063 2763 navium
1098 2713 1361 2780 fecerant,
1398 2732 1540 2766 nova
1577 2713 1855 2782 Pompeia-

195 2801 385 2834 norum
430 2790 543 2833 arte
595 2781 823 2834 Cilicum
881 2782 1013 2832 actis
1063 2781 1161 2832 sub
1208 2785 1342 2835 mari
1400 2782 1616 2835 funibus
1672 2788 1856 2851 captae

126 2865 180 2907 33
199 2852 349 2920 quasi
395 2870 491 2920 per
535 2851 861 2919 indaginem.
949 2851 1080 2901 duas
1124 2859 1302 2903 tamen
1357 2861 1533 2904 aestus
1581 2852 1853 2920 explicuit.
