2020 3168
767 184 839 251 II,
871 185 931 237 13
951 183 1075 255 [1111,
1096 182 1166 256 ²]-
1280 265 1284 268 Α
1735 186 1799 238 81

139 327 223 379 ius
253 324 594 394 Hispaniam:
629 330 739 375 tres
776 322 997 374 maximi
1035 322 1320 388 exercituS,
1358 328 1411 373 et
1442 323 1500 374 in
1534 322 1617 374 his
1655 322 1801 375 orbis

138 395 422 465 imperium
473 393 728 446 societate
771 393 936 444 trium
978 391 1282 461 principum
1320 398 1627 461 occupatur.
1713 391 1802 444 de·
1820 415 1874 456 13

139 482 255 516 cem
290 479 461 515 annos
491 462 661 513 traxit
692 462 798 513 ista
831 460 1124 514 dominatio
1168 477 1240 513 ex
1272 459 1405 526 fide,
1492 461 1583 512 uia
1618 467 1801 512 mutuo

137 539 284 584 metu
317 530 654 583 tenebantur.
714 529 899 583 Crassi
934 535 1105 582 morte
1149 529 1293 599 apud
1328 528 1459 581 Part
1499 547 1584 597 οε,
1631 537 1803 582 morte

95 617 115 649 5
140 601 311 654 Iuliae
372 600 622 654 Caesaris
678 599 848 667 filiae,
908 615 1044 669 quae
1092 605 1261 668 nupta
1304 598 1560 669 Pompeio
1615 599 1803 668 generi

43 710 46 713 -
137 670 416 740 socerique
463 668 807 722 concordiam
850 667 1175 720 matrimonii
1221 667 1441 722 foedere
1478 667 1801 735 continebat,

61 751 65 755 ⁴
136 740 315 791 statim
351 735 636 789 aemulatio
673 737 866 807 erupit.
938 739 1046 789 iam
1072 737 1207 789 Pom
1247 738 1328 790 eio
1366 745 1646 808 suspectae
1669 737 1803 791 Cae·
1822 756 1877 797 14

136 808 270 859 saris
309 824 437 876 opes
468 811 522 857 ct
558 805 781 857 Caesari
816 805 1146 875 Pompeiana
1237 807 1418 875 gnitas
1454 807 1655 875 gravis.
1703 813 1804 858 ‘nec

133 876 227 928 ille
271 874 482 928 ferebat
527 892 739 944 parem,
785 892 887 926 nec
935 874 1023 926 hic
1070 876 1416 945 superiorem.
1490 892 1589 946 pro
1620 875 1801 928 nefas!

79 957 119 990 10
136 947 216 997 sic
248 944 314 997 de
350 944 656 1015 principatu
689 942 1024 1011 laborabant,
1059 950 1170 995 tam
1208 962 1333 996 uam
1370 944 1505 997 duos
1540 945 1679 996 tanti
1706 946 1803 997 im-

133 1014 272 1083 perii
308 1013 526 1066 fortuna
561 1030 671 1065 non
707 1020 938 1083 caperet.
1017 1031 1144 1083 ergo
1221 1012 1401 1066 entulo
1434 1013 1801 1084 Marcelloque
1827 1025 1878 1065 15

137 1082 445 1137 consulibus
482 1089 641 1152 rupta
673 1083 907 1152 primum
947 1083 1332 1136 coniurationis
1368 1083 1521 1136 fides,
1598 1083 1664 1136 de
1687 1101 1803 1135 suc-

136 1154 379 1205 cessione
418 1151 667 1204 Caesaris
706 1159 923 1203 senatus
934 1192 948 1218 ,
997 1152 1054 1204 id
1092 1159 1173 1204 est
1209 1151 1500 1222 Pompeius
1547 1152 1801 1222 agitabat,

134 1239 234 1274 nee
274 1221 367 1273 ille
403 1219 699 1288 abnuebat,
744 1221 791 1272 si
826 1221 964 1274 ratio
1007 1221 1090 1273 sui
1121 1222 1381 1291 proximis
1434 1223 1663 1275 comitiis
1710 1221 1800 1273 ha-

78 1308 119 1341 15
134 1290 369 1343 beretur.
442 1297 501 1342 ut
535 1289 755 1343 daretur
790 1290 1101 1343 consulatus
1139 1290 1373 1358 absenti,
1424 1310 1582 1362 quem
1618 1291 1804 1344 decem
1823 1309 1879 1351 15

132 1359 337 1412 tribuni
371 1359 589 1411 favente
625 1359 882 1429 Pompeio
920 1377 1090 1429 nuper
1127 1359 1505 1428 decreverant,
1554 1361 1800 1413 dissimu-

133 1429 277 1481 lante
315 1428 504 1480 eodem
533 1427 859 1497 negabatur:
907 1429 1121 1480 veniret
1169 1435 1221 1480 et
1255 1436 1463 1498 peteret
1508 1447 1656 1482 more
1691 1448 1801 1482 ma-

132 1500 322 1551 iorum.
406 1496 499 1549 ille
546 1504 733 1549 contra
768 1496 1015 1566 flagitare
1063 1497 1305 1564 decreta,
1360 1516 1450 1566 ac,
1510 1500 1619 1550 nisi
1665 1499 1800 1551 fides
1824 1510 1874 1550 17

131 1573 498 1638 permaneret,
531 1584 641 1618 non
674 1567 946 1619 remittere
981 1568 1295 1619 exercitum.
1372 1586 1499 1637 ergo
1524 1576 1583 1620 ut
1618 1569 1675 1619 in
1710 1568 1801 1619 ho-

75 1652 117 1684 20
138 1646 273 1688 stem
311 1637 632 1689 decernitur.
707 1635 791 1687 his
832 1635 1034 1688 Caesar
1076 1637 1311 1706 agitatus
1349 1638 1532 1689 statuit
1563 1638 1802 1707 praemia

132 1724 400 1758 armorum
438 1706 600 1758 armis
640 1704 949 1757 defendere.

271 1775 455 1827 Prima
490 1774 667 1826 civilis
704 1774 836 1827 belli
869 1774 1073 1828 harena
1098 1774 1258 1826 Italia
1291 1774 1418 1842 fuit,
1459 1778 1608 1827 cuius
1647 1794 1797 1828 arces
1819 1793 1872 1833 18

133 1845 343 1897 levibus
379 1843 665 1914 praesidiis
695 1842 984 1915 Pompeius
1023 1844 1322 1912 insederat3
1362 1845 1459 1898 sed
1497 1847 1675 1897 omnia
1715 1863 1800 1898 su-

132 1916 244 1967 bito
286 1914 536 1967 Caesaris
573 1914 776 1983 impetu
822 1932 1082 1984 oppressa
1130 1922 1269 1966 sunt.
1342 1916 1518 1984 prima
1551 1915 1796 1967 Arimino
1821 1922 1874 1962 19

77 2000 119 2031 25
138 1985 294 2053 signa
341 1984 668 2035 cecinerunt.
740 1990 855 2034 tum
884 1982 1072 2052 pulsus
1108 1983 1330 2036 Etruria
1364 1983 1528 2051 Libo,
1576 1983 1803 2036 Vmbria

133 2053 424 2119 ThermuS,
474 2051 747 2104 Domitius
792 2051 1047 2105 Corfinio.
1123 2060 1176 2104 et
1217 2060 1496 2122 peractum
1542 2060 1657 2106 erat
1691 2053 1802 2105 bel-

132 2122 243 2174 lum
282 2123 397 2174 sine
433 2121 712 2190 sanguine,
754 2122 801 2173 si
834 2121 1152 2191 Pompeium
1183 2122 1463 2174 Brundisii
1502 2123 1802 2193 opprimere

131 2192 410 2261 potuisset.
486 2198 539 2242 et
565 2197 807 2260 ceperat3
868 2191 965 2243 sed
1017 2190 1110 2242 ille
1154 2209 1252 2261 per
1306 2190 1516 2243 obsessi
1567 2191 1802 2243 claustra
1817 2205 1875 2246 20

132 2268 319 2329 portus
357 2267 618 2313 nocturna
645 2260 777 2329 fuga
810 2261 1000 2312 evasit.
1051 2267 1139 2311 tur
1181 2278 1208 2312 e
1246 2260 1419 2312 dictu!
1459 2260 1618 2313 modo
1655 2261 1800 2329 prin-

78 2341 121 2375 30
138 2347 262 2399 ceps
299 2336 535 2399 patrum,
571 2328 720 2398 pacis
756 2328 994 2400 bellique
1030 2347 1115 2383 mo
1158 2336 1334 2382 erator
1378 2346 1476 2399 per
1510 2331 1673 2380 trium
1711 2329 1802 2380 ha-

133 2406 247 2451 tum
284 2417 316 2449 a
353 2416 410 2450 se
443 2416 591 2450 mare
625 2397 804 2450 lacera
837 2405 889 2450 et
923 2415 1096 2468 paene
1131 2399 1325 2450 inermi
1360 2415 1500 2450 nave
1538 2398 1687 2467 fugie
1729 2407 1798 2450 at.

134 2485 235 2520 nec
274 2468 499 2537 Pompei
544 2466 613 2519 ab
659 2466 820 2519 Italia
865 2485 1025 2538 quam
1073 2475 1290 2520 senatus
1337 2467 1406 2519 ab
1465 2467 1600 2519 urbe
1658 2466 1791 2536 fuga
1810 2479 1863 2518 21

133 2538 365 2607 turpior:
405 2554 565 2607 quam
600 2553 771 2606 paene
805 2554 1032 2589 vacuam
1077 2545 1224 2589 metu
1271 2536 1473 2589 Caesar
1524 2537 1802 2605 ingressus

135 2606 412 2659 consulem
456 2623 514 2657 se
560 2606 579 2656 i
620 2623 678 2657 sc
725 2605 870 2658 fecit.
957 2607 1225 2659 aerarium
1283 2624 1493 2677 quoque
1543 2612 1802 2670 sanctum,

74 2685 116 2717 35
136 2675 280 2746 quod
325 2677 451 2746 quia
495 2624 701 2727 tardius
749 2674 1062 2745 aperiebant
1105 2675 1310 2727 tribuni
1354 2676 1513 2727 iussit
1573 2674 1801 2742 effringi,

137 2764 356 2798 censum
403 2752 456 2798 et
498 2744 880 2825 patrimonium
923 2745 1111 2814 populi
1157 2745 1411 2810 Romani,
1461 2751 1584 2796 ante
1624 2743 1803 2812 rapuit

137 2833 293 2885 quam
329 2816 627 2885 imperium.

275 2885 438 2938 Pulso
479 2884 772 2953 fugatoque
822 2883 1073 2952 Pompeio
1123 2882 1310 2933 maluit
1353 2883 1501 2951 prius
1552 2880 1800 2933 ordinare
1817 2896 1872 2935 22

154 2975 342 3006 Fronvs.
1541 2953 1572 3001 6
