2020 3168
253 155 319 204 22
595 212 606 221 .
847 166 1024 207 mom
1041 167 1319 207 EPrrouA.

253 299 358 358 ret,
381 290 581 344 oblitus
602 296 655 342 et
675 291 961 344 Lucretiae
981 299 1033 344 et
1057 310 1246 361 regum
1265 299 1318 343 et
1341 293 1474 345 iuris
1531 294 1641 347 uod
1658 294 1775 363 ipse
1794 311 1918 347 con·

212 378 240 421 3
255 366 524 431 posuerat.
561 360 744 429 itaque
772 376 895 412 cum
913 378 1225 439 oppressam
1251 360 1451 413 iudicio
1544 364 1651 418 iam
1683 362 1825 415 trahi
1860 364 1919 416 in

180 463 184 465 ‡
255 430 571 483 servitutem
604 428 816 480 videret
843 428 1125 498 Virginius
1170 436 1349 498 pater,
1388 429 1525 482 nihil
1551 437 1830 484 cunctatus
1860 432 1919 483 in

252 498 430 551 medio
441 497 559 550 foro
574 514 737 549 manu
749 514 846 549 sua
856 497 1142 564 interfecit,
1163 497 1500 568 admotisque
1520 500 1690 568 signis
1704 501 1917 553 commi-
1998 506 2005 515 ‘

252 567 481 619 litonum
496 572 665 626 totam
684 583 803 618 eam
820 565 1237 619 dominationem
1249 566 1526 620 obsessam
1543 568 1706 620 armis
1724 568 1782 620 in
1800 585 1914 620 car·
1942 585 1962 617 5

253 653 430 688 cerem
449 640 502 687 et
520 640 737 687 catenas
764 634 834 687 ab
852 635 1124 689 Aventino
1143 643 1324 689 monte
1344 635 1595 692 detraxit.

164 714 233 767 25
393 703 633 756 Tertiam
651 703 971 757 seditionem
990 706 1249 758 excitavit
1265 706 1726 760 matrimoniorum
1744 705 1918 774 digni-

251 781 336 826 tas
347 814 362 841 ,
381 780 443 825 ut
503 771 647 824 lebei
667 790 789 825 cum
807 775 1049 843 patriciis
1070 775 1448 844 iungerentur3
1473 777 1566 846 qui
1582 773 1843 828 tumultus
1862 776 1920 826 in

251 849 432 895 monte
497 841 708 894 aniculo
745 841 882 894 duce
922 842 1181 896 Canuleio
1213 843 1430 896 tribuno
1474 844 1650 914 plebis
1695 843 1915 898 exarsit.

165 918 234 970 26
255 918 502 982 quartam
519 910 784 964 honorum
803 912 999 982 cupido
1011 952 1025 978 ,
1061 919 1121 964 ut
1138 911 1319 982 plebei
1338 931 1549 984 quoque
1567 913 1915 982 magistratus
1933 925 1972 959 ιο

210 991 237 1030 2
254 987 579 1032 crearentur.
638 979 844 1032 Fabius
877 981 1177 1033 Ambustus
1228 982 1457 1034 duarum
1495 989 1649 1051 pater
1694 980 1919 1033 alteram

256 1048 351 1102 Sul
391 1049 495 1101 icio
531 1049 747 1118 patricii
785 1051 1065 1117 sanguinis
1113 1050 1361 1116 dederat,
1409 1050 1634 1102 alteram
1710 1049 1917 1101 lebeius

210 1132 237 1173 3
255 1068 403 1172 Stolo
435 1117 541 1169 sibi
566 1118 761 1169 iunxit.
821 1135 929 1187 qua
959 1117 1193 1188 quodam
1215 1126 1480 1188 tempore,
1513 1118 1658 1189 quod
1697 1119 1918 1170 ictoriae

251 1188 440 1256 virgae
472 1203 663 1238 sonum
689 1187 934 1256 ignotum
956 1187 1244 1258 penatibus
1275 1188 1386 1239 suis
1425 1195 1743 1257 expaverat,
1783 1205 1816 1238 a
1837 1203 1918 1239 so-

210 1271 373 1310 4rore
408 1256 537 1307 satis
565 1254 860 1308 insolenter
886 1257 1079 1323 inrisa,
1122 1258 1374 1309 iniuriam
1402 1274 1512 1309 non
1540 1257 1680 1309 tulit.
1737 1258 1918 1326 itaque
1934 1276 1976 1311 15

251 1331 480 1377 nanctus
519 1324 854 1377 tribunatum
890 1324 1154 1378 honorum
1185 1333 1237 1377 et
1263 1327 1675 1394 magistratuum
1705 1342 1920 1378 consor-

251 1395 389 1447 tium
450 1395 661 1446 uamvis
679 1395 849 1446 invito
870 1396 1081 1447 senatui
1106 1396 1349 1447 extorsit.

211 1479 238 1521 5
450 1480 600 1515 erum
617 1463 675 1514 in
697 1465 831 1534 ipsis
846 1463 1200 1517 seditionibus
1219 1465 1517 1534 principem
1534 1464 1794 1534 populum
1811 1480 1921 1516 non

251 1532 501 1600 inmerito
541 1533 868 1601 suspexeris
932 1534 980 1584 si
1010 1533 1226 1603 quidem
1255 1551 1398 1588 nunc
1422 1533 1753 1599 libertatem,
1776 1550 1922 1584 nunc
2019 1579 2020 1603 χ

251 1601 592 1672 pudicitiam,
612 1608 727 1653 tum
745 1602 1006 1655 natalium
1031 1602 1372 1671 dignitatem,
1401 1609 1516 1655 tum
1543 1602 1807 1655 honorum
1827 1602 1915 1654 de·
1932 1621 1975 1655 20
2019 1614 2020 1667 1

255 1688 380 1724 cora
403 1677 455 1722 et
485 1671 722 1739 insignia
740 1671 1063 1738 vindicavit,
1099 1674 1346 1742 interque
1370 1672 1504 1723 haec
1523 1674 1702 1724 omnia
1719 1671 1919 1723 nullius
2019 1671 2020 1676 ’

212 1748 239 1790 6
256 1740 432 1793 acrior
461 1746 642 1791 custos
674 1758 834 1810 quam
860 1740 1126 1793 libertatis
1156 1742 1285 1807 fuit,
1316 1741 1572 1822 nullaque
1601 1742 1660 1792 in
1689 1742 1922 1811 pretium

256 1810 371 1861 eius
401 1809 574 1878 potuit
606 1807 893 1878 largitione
922 1811 1217 1880 corrumpi,
1250 1828 1370 1861 cum
1398 1817 1458 1861 ut
1488 1828 1546 1861 1n
1571 1828 1767 1879 magno
1795 1816 1846 1862 et
1864 1810 1922 1861 in

258 1878 373 1930 dies
404 1880 607 1930 maiore
635 1878 833 1947 populo
862 1879 1079 1931 interim
1105 1880 1396 1949 perniciosi
1425 1880 1572 1931 cives
1606 1880 1918 1931 existerent.

214 1959 240 1999 7
260 1946 508 1999 Cassium
525 1948 739 2016 agraria
754 1947 901 2017 lege,
930 1948 1188 2001 Maelium
1206 1948 1492 2017 largitione
1514 1955 1821 2018 suspectum
1838 1965 1918 1999 re·
1934 1969 1977 2002 25

255 2017 377 2085 giae
406 2015 784 2068 dominationis
813 2019 1086 2086 praesenti
1104 2025 1275 2070 morte
1304 2017 1568 2069 multavit.
1608 2034 1671 2068 ac
1700 2017 1767 2069 de
1788 2016 1922 2086 Spu-

211 2108 215 2111 *
254 2085 335 2137 rio
356 2085 572 2154 quidem
593 2085 917 2154 supplicium
934 2095 1087 2156 pater
1114 2088 1133 2138 i
1175 2087 1286 2138 sius
1308 2087 1559 2155 sumpsit,
1591 2085 1734 2137 hunc
1755 2085 1922 2151 Quin·

257 2155 351 2205 ctii
381 2153 659 2207 dictatoris
688 2156 914 2225 imperio
945 2157 1003 2207 111
1029 2105 1207 2209 medio
1247 2156 1364 2208 foro
1395 2156 1654 2223 magister
1684 2157 1923 2235 equitum
1988 2183 1991 2187 1

213 2235 241 2277 8
260 2222 523 2275 Servilius
555 2222 733 2275 Ahala
761 2224 1018 2277 confodit.
1071 2225 1335 2277 Manlium
1363 2242 1493 2276 vero
1518 2223 1772 2294 Oapitohi
1805 2226 1921 2276 vin-

257 2292 454 2358 dicem,
502 2294 628 2362 quia
653 2292 940 2364 plerosque
980 2294 1282 2347 debitorum
1318 2294 1645 2346 liberaverat
1674 2292 1834 2344 altius
1867 2300 1918 2345 et
1934 2309 1977 2344 30

255 2361 529 2412 incivilius
568 2378 626 2413 se
663 2362 996 2430 efferentem,
1034 2363 1104 2416 ab
1134 2363 1229 2415 illa
1265 2365 1384 2433 ipsa
1415 2381 1575 2434 quam
1606 2362 1922 2415 defenderat

257 2447 380 2481 arce
400 2430 610 2482 deiecit.

155 2509 159 2513 '
214 2512 243 2553 9
398 2498 548 2550 Talis
568 2499 712 2552 domi
735 2519 798 2553 ac
816 2502 950 2554 foris
963 2542 977 2568 ,
997 2501 1122 2553 talis
1143 2518 1277 2571 pace
1301 2502 1553 2572 belloque
1572 2500 1801 2569 populus
1817 2500 1920 2552 Ro-

257 2585 447 2619 manus
473 2567 671 2620 fretum
695 2569 831 2622 illud
861 2570 1282 2638 adulescentiae,
1314 2572 1372 2623 id
1405 2579 1487 2623 est
1517 2568 1807 2621 secundam
1825 2570 1920 2620 im-

255 2638 394 2756 feri}
413 2643 643 2719 aetatem
657 2637 867 2720 habuit,
888 2641 944 2690 in
964 2657 1068 2709 qua
1087 2647 1255 2691 totam
1272 2642 1412 2692 inter
1431 2639 1599 2708 Alpes
1616 2638 1920 2708 fretumque
1931 2649 1973 2683 3⁵

287 2704 473 2757 taham
496 2724 658 2758 armis
680 2707 909 2777 subeglt.
