2020 3168
189 160 260 212 64
857 169 1032 208 Fnom
1051 169 1326 209 EPITOMA.

189 314 300 349 non
322 297 380 347 in
403 313 573 360 usum,
608 295 684 346 ita
707 294 777 345 ad
799 295 1011 363 imperii
1035 295 1267 364 speciem
1295 311 1493 362 magna
1520 295 1739 347 nomina
1766 295 1859 348 ad·

146 380 175 419 5
192 367 421 436 quisisse
447 363 730 434 pulchrum
755 380 818 414 36
839 363 1116 417 decorum:
1143 363 1220 415 ita
1240 362 1428 415 eodem
1446 370 1555 415 tem
1594 381 1684 416 ore
1706 363 1859 415 dimi-

189 453 341 487 casse
367 433 528 502 domi,
541 450 661 484 cum
692 431 918 498 civibus,
944 432 1119 499 sociis,
1144 431 1443 500 mancipiis,
1468 432 1559 500 gla
1601 430 1857 484 'atoribus

146 516 177 558 6
195 511 412 584 totoque
459 503 601 553 inter
646 518 703 552 se
741 508 930 553 senatu
975 509 1130 570 turpe
1166 507 1326 570 atque
1360 500 1740 552 miserandum.
1795 518 1859 553 ac

189 589 371 624 nesclo
398 589 468 622 an
493 570 660 621 satius
690 569 854 621 suerit
875 570 1074 640 populo
1099 570 1342 622 Romano
1369 567 1555 621 Sicilia
1591 575 1644 621 et
1668 569 1896 622 Africa⁵

188 647 437 694 contento
476 639 660 705 fuisse,
699 645 792 690 aut
824 638 907 690 his
947 639 1107 690 etiam
1141 638 1273 709 ipsis
1295 655 1531 707 „parcere
1564 638 1861 691 dominanti

185 712 243 762 in
280 709 440 761 Italia
477 726 588 774 sua,
625 725 785 777 quam
820 725 881 760 eo
918 707 1305 777 magnitudinis
1341 725 1599 774 crescere,
1637 714 1698 760 ut
1732 707 1860 760 viri-

144 780 288 838 7bus
326 779 436 830 suis
473 777 839 829 conficeretur.
887 795 1023 848 quae
1056 777 1199 830 enim
1233 793 1319 829 res
1355 776 1463 828 alia
1497 776 1684 829 civiles
1716 775 1860 829 furo·

185 867 271 901 res
307 847 518 918 peperit
561 863 721 916 quam
749 847 946 898 nimiae
996 845 1322 898 felicitates?
1367 844 1527 915 Syria
1594 847 1732 898 rima
1758 862 1856 897 nos

184 919 329 970 victa
352 917 602 986 corrupit,
627 932 756 967 mox
779 916 1021 967 Asiatica
1049 915 1372 984 Pergameni
1395 915 1540 984 regis
1604 915 1854 967 ereditas,
1875 927 1915 960 10
1988 944 1992 949 .

142 987 314 1038 Sillae
349 1002 476 1055 opes
513 992 673 1055 atque
702 984 923 1036 divitiae
961 984 1219 1037 adflixere
1256 983 1459 1037 saeculi
1494 1001 1687 1051 mores,
1722 1002 1858 1036 mer-

189 1072 408 1125 samque
442 1054 589 1105 vitiis
617 1054 727 1104 suis
764 1054 919 1123 quasi
953 1053 1164 1105 sentina
1198 1071 1312 1105 rem
1346 1052 1619 1122 publicam
1641 1070 1860 1122 pessum

188 1124 401 1177 dedere.
450 1123 594 1175 unde
633 1123 774 1173 enim
806 1122 1036 1192 populus
1063 1121 1337 1175 Romanus
1372 1140 1405 1173 a
1438 1121 1670 1174 tribunis
1698 1139 1857 1192 agros

188 1202 240 1245 et
260 1193 464 1245 cibaria
487 1192 756 1260 flagitaret
782 1192 889 1243 nisi
914 1209 1012 1261 per
1029 1191 1227 1243 famem
1246 1209 1406 1262 quam
1434 1191 1594 1244 luxus
1614 1192 1857 1244 fecerat?

185 1263 312 1314 hinc
350 1254 477 1331 erg'o
518 1260 866 1313 Gracchanae
910 1262 1086 1330 prima
1123 1268 1176 1313 et
1208 1261 1446 1313 secunda
1481 1268 1533 1313 et
1566 1260 1663 1314 illa
1697 1262 1857 1314 tertia
1872 1282 1912 1315 15

140 1330 488 1401 9Apuleiana
515 1330 725 1383 seditio.
769 1330 913 1382 undc
943 1330 1239 1383 iudiciariis
1268 1330 1479 1399 legibus
1511 1330 1756 1383 divulsus
1788 1330 1857 1383 ab

186 1408 375 1453 senatu
402 1418 563 1470 eques
588 1400 695 1451 nisi
726 1418 796 1453 ex
824 1400 1066 1466 avaritia,
1105 1407 1165 1452 ut
1188 1400 1478 1468 vectigalia
1501 1400 1582 1452 rei
1608 1399 1858 1470 publicae

185 1478 345 1540 atque
372 1471 491 1540 ipsa
520 1469 720 1522 iudicia
755 1471 812 1522 in
844 1476 1068 1539 quaestu
1092 1468 1456 1522 haberentur?
1493 1468 1618 1522 hinc
1643 1469 1856 1522 Drusus

187 1548 239 1592 et
270 1540 535 1608 promissa
582 1540 774 1590 civitas
810 1538 967 1591 Latio
1012 1546 1064 1591 et
1104 1557 1203 1609 per
1240 1539 1342 1592 hoc
1388 1556 1537 1590 arma
1573 1539 1854 1592 sociorum.

114 1619 167 1660 10
221 1609 317 1661 uid
352 1608 568 1660 autem?
613 1607 760 1661 bella
795 1608 1016 1669 servilia
1060 1608 1205 1661 unde
1239 1607 1395 1660 nobis
1433 1608 1540 1659 nisi
1584 1626 1655 1661 ex
1688 1607 1853 1660 abun·
1869 1622 1912 1663 2?

224 1679 370 1729 antia
387 1677 752 1730 familiarum?
788 1677 931 1730 unde
957 1677 1265 1746 gladiatorii
1295 1677 1583 1730 adversum
1613 1677 1857 1730 dominos

186 1766 309 1800 suos
344 1748 626 1812 exercitUS,
658 1748 766 1799 nisi
789 1747 860 1799 ad
886 1746 1283 1800 conciliandum
1312 1746 1487 1816 plebis
1519 1746 1764 1800 favorem
1785 1747 1859 1799 ef·

186 1818 309 1868 fusa
329 1817 560 1884 largitiO,
590 1817 716 1868 dum
735 1817 1052 1886 spectaculis
1081 1816 1356 1885 indulget,
1391 1815 1655 1886 supplicia
1692 1834 1857 1887 quon-

118 1900 167 1940 11
188 1887 311 1938 dam
332 1885 564 1938 hostium
575 1893 743 1937 artem
772 1885 1011 1938 faceret?
1047 1886 1154 1937 iam
1172 1893 1232 1937 ut
1252 1887 1576 1955 speciosiora
1593 1886 1727 1938 vitia
1745 1893 1858 1938 tan-

184 1972 389 2024 gamus,
424 1973 603 2007 nonne
628 1954 858 2006 ambitus
886 1954 1151 2007 honorum
1185 1955 1253 2008 ab
1282 1955 1455 2007 isdem
1491 1955 1694 2008 divitiis
1732 1952 1912 2008 con-25

116 2028 169 2068 12
186 2023 419 2075 citatus?
462 2025 648 2094 atquin
679 2024 805 2076 inde
839 2024 1100 2091 Mariana,
1137 2025 1264 2077 inde
1301 2023 1521 2077 Sullana
1550 2031 1854 2094 tempestas

185 2101 276 2145 aut
295 2094 610 2162 magnificus
636 2112 704 2164 ap
745 2101 924 2146 aratus
951 2095 1324 2147 conviviorum
1349 2101 1401 2146 et
1425 2100 1735 2164 sumptuosa
1756 2095 1855 2146 lar-

117 2168 169 2209 13
187 2164 320 2230 gitio
356 2181 466 2214 non
501 2162 568 2215 ab
608 2181 711 2233 opu
737 2165 881 2215 entia
914 2164 1153 2233 paritura
1185 2181 1313 2216 mox
1346 2162 1676 2232 egestatem?
1723 2164 1857 2215 haec

187 2232 474 2284 Catilinam
543 2234 712 2285 atriae
741 2250 870 2285 suae
904 2234 1127 2302 inpegit.
1174 2233 1404 2303 denique
1436 2232 1532 2284 illa
1566 2233 1685 2302 ipsa
1712 2234 1855 2303 prin-

184 2302 390 2370 cipatus
421 2308 474 2352 et
501 2251 814 2359 dominandi
838 2302 1031 2372 cupido
1061 2302 1205 2355 unde
1225 2303 1331 2354 nisi
1362 2320 1432 2354 ex
1448 2302 1627 2354 nimiis
1660 2320 1689 2355 o
1730 2302 1850 2355 ibus
1869 2314 1909 2346 3⁶

184 2371 373 2421 venit?
422 2372 609 2441 atquin
651 2371 785 2424 haec
825 2371 1113 2424 Caesarem
1147 2380 1307 2443 atque
1341 2371 1657 2441 Pompeium
1716 2373 1853 2424 uria-

114 2449 168 2489 14
185 2438 325 2491 libus
356 2441 413 2492 in
443 2441 667 2492 exitium
696 2442 777 2494 rei
808 2441 1057 2512 publicae
1093 2442 1302 2495 facibus
1339 2442 1583 2493 armavit.
1630 2440 1726 2494 hos
1757 2443 1855 2509 igi-

183 2514 271 2559 tur
305 2510 475 2561 omnis
510 2510 828 2563 domesticos
861 2518 1035 2563 motus
1083 2518 1354 2582 separatos
1395 2509 1463 2563 ab
1508 2512 1744 2563 externis
1778 2512 1854 2562 iu-

185 2578 388 2648 stisque
423 2578 583 2631 bellis
623 2598 693 2632 ex
729 2581 915 2634 ordine
951 2599 1347 2651 persequemur.
