2020 3168
214 169 283 218 24
804 179 978 219 110111
1006 179 1282 218 EPrrouA.

214 305 475 356 victoriae
498 321 594 355 aus
635 303 798 355 icium
824 303 944 356 fuit.
990 304 1133 366 intra
1153 304 1294 355 enim
1316 307 1712 373 sexagesimum
1734 306 1878 360 diem

217 389 377 444 quam
395 389 553 424 caesa
564 390 610 423 Sl
632 389 703 423 va
720 371 897 424 fuerat
914 379 1128 424 centum
1147 373 1431 441 sexaginta
1447 375 1667 426 navium
1686 375 1876 428 classis

214 443 272 494 in
305 440 553 493 anchoris
584 441 757 507 stetit,
791 447 852 492 ut
879 458 988 493 non
1015 447 1130 493 arte
1159 440 1360 507 factae,
1399 440 1495 494 sed
1515 443 1745 512 quodam
1763 463 1876 496 mu·

213 528 342 562 nere
372 510 594 561 deorum
624 525 917 560 conversae
947 510 1006 560 in
1033 525 1201 560 naves
1242 508 1418 580 adque
1454 517 1689 563 mutatae
1723 512 1877 566 arbo·
2002 566 2004 572 ,

170 597 300 639 gres
330 578 660 630 viderentur.
706 577 900 647 proelii
928 595 1060 630 vero
1093 577 1269 630 forma
1294 578 1584 646 mirabilis,
1616 598 1738 632 cum
1755 580 1915 635 illass
2002 597 2005 633 ῑ

214 647 404 700 celeris
434 645 779 716 volucrisque
809 645 1043 698 hostium
1071 647 1227 699 navis
1246 646 1348 700 hae
1365 664 1562 717 graves
1584 649 1878 720 tardaeque

213 714 725 786 conprehenderent.
773 714 935 785 longe
952 715 1062 768 illis
1083 717 1329 769 nauticae
1358 723 1527 784 artes„
1559 717 1878 789 detorquere
2003 767 2005 777 ,

169 809 196 851 9
211 802 387 838 remos
410 791 463 837 et
481 783 747 836 ludificari
765 784 898 853 fuga
914 791 1107 837 rostra.
1132 785 1361 838 iniectae
1381 786 1523 838 enim
1541 786 1750 839 ferreae
1769 804 1878 838 ma·
1962 785 1965 787 ’
2003 779 2005 787 ⁴

211 873 314 906 nus
333 853 719 924 machinaeque
737 853 978 921 validae,
1012 860 1136 906 ante
1155 861 1426 907 certamen
1443 854 1672 907 multum
1697 854 1765 907 ab
1786 855 1877 907 ho·

213 931 292 976 ste
325 923 562 989 derisae,
593 922 871 993 coactique
899 922 1081 976 hostes
1102 924 1257 994 quasi
1284 925 1342 975 in
1374 923 1546 977 solido
1567 924 1874 976 decernere.
1892 941 1934 975 m
2004 964 2007 971 .

216 994 384 1045 victor
405 1010 533 1061 ergo
550 998 680 1061 aput
689 991 918 1061 Liparas
937 1009 1114 1044 mersa
1134 998 1228 1044 aut
1249 991 1438 1061 fugata
1450 991 1685 1045 hostium
1705 992 1878 1045 classe

141 1080 196 1122 10
211 1063 444 1133 primum
481 1060 636 1112 illum
666 1061 994 1112 maritimum
1025 1061 1136 1129 egit
1163 1061 1510 1130 triumphum.
1560 1062 1712 1113 cuius
1734 1062 1879 1132 quod

211 1130 470 1202 gaudium
503 1129 633 1181 fuit!
673 1146 794 1180 cum
822 1127 1063 1182 Duillius
1099 1129 1413 1198 imperator,
1450 1146 1561 1182 non
1596 1136 1877 1182 contentus

210 1200 370 1252 unius
392 1199 500 1251 diei
515 1197 786 1268 triumpho
797 1237 812 1265 ,
842 1215 941 1278 per
958 1199 1127 1250 vitam
1152 1215 1386 1266 omnem,
1411 1198 1508 1251 ubi
1527 1215 1560 1250 a
1588 1215 1722 1251 cena
1739 1198 1878 1251 redi-

210 1275 308 1335 ret,
344 1267 657 1349 praelucere
687 1266 895 1320 funaha
926 1274 979 1320 et
1008 1268 1319 1338 praecinere
1360 1267 1466 1321 sibi
1499 1267 1663 1320 tibias
1699 1269 1873 1334 iussit,
1893 1281 1935 1315 1⁵

139 1353 191 1394 11
247 1355 367 1390 uasi
387 1337 584 1390 cotidie
601 1335 969 1406 triumpharet.
1016 1352 1147 1406 prae
1160 1342 1311 1388 tanta
1328 1336 1488 1390 huius
1507 1337 1737 1389 victoria
1755 1337 1877 1389 leve

250 1425 468 1459 amnum
497 1405 601 1457 fuit
629 1405 766 1457 alter
796 1405 1077 1458 consulum
1106 1405 1437 1475 interceptus
1467 1405 1643 1458 Asina
1678 1405 1877 1459 Corne·

212 1477 332 1544 lius,
355 1477 447 1547 qui
466 1474 714 1527 simulato
734 1474 872 1527 collo
911 1476 1000 1527 uio
1022 1481 1275 1526 evocatus
1295 1482 1456 1546 atque
1474 1475 1551 1527 ita
1570 1492 1875 1545 oppressuS,

211 1545 315 1598 fuit
331 1543 591 1615 perfidiae
610 1543 848 1596 Punicae
906 1550 1260 1596 ocumentum.

142 1619 197 1660 12
355 1613 601 1667 Calatino
630 1612 890 1665 dictatore
918 1612 1034 1665 fere
1062 1613 1241 1665 omnia
1266 1611 1538 1682 praesidia
1569 1612 1873 1666 Poenorum
1888 1631 1935 1665 πο

211 1684 538 1753 AgrigentO,
580 1681 876 1752 Drepanis,
920 1680 1252 1748 Panhormo,
1297 1680 1477 1752 Eryce
1505 1681 1876 1752 Lilybaeoque

69 1798 76 1804 .
142 1760 195 1803 13
213 1753 463 1805 detraxit.
499 1750 826 1821 trepidatum
846 1757 927 1803 est
942 1750 1107 1803 semel
1127 1752 1272 1803 circa
1292 1749 1755 1803 Camerinensium
1775 1751 1876 1803 sal·

209 1830 347 1889 tum,
379 1821 476 1873 sed
496 1821 695 1873 eximia
711 1821 912 1872 virtute
934 1819 1194 1891 Calpurni
1212 1819 1489 1871 Flammae
1516 1819 1723 1872 tribuni
1739 1820 1875 1872 mili·

209 1900 325 1943 tum
344 1891 631 1943 evasimus,
681 1890 773 1960 qui
790 1889 930 1941 lecta
946 1896 1308 1941 trecentorum
1337 1907 1499 1941 manu
1519 1890 1788 1941 insessum
1805 1888 1875 1940 ab

210 1959 456 2013 hostibus
483 1958 748 2011 tumulum
787 1959 1070 2029 occupavit
1102 1965 1262 2029 atque
1289 1965 1526 2010 moratus
1564 1958 1745 2010 hostes
1775 1965 1871 2023 est,
1888 1975 1935 2008 25

144 2034 198 2074 14
215 2030 342 2082 dum
361 2029 629 2081 exercitus
650 2028 821 2080 omnis
842 2028 1113 2080 evaderet.
1156 2045 1220 2079 ac
1250 2028 1327 2078 sic
1380 2027 1703 2079 ulcherrimo
1725 2028 1876 2079 exitu

213 2097 696 2168 Thermopylarum
716 2104 769 2149 et
786 2096 1061 2150 Leonidae
1079 2097 1278 2149 famam
1296 2113 1327 2146 a
1366 2096 1640 2166 aequavit,
1674 2095 1776 2148 hoc
1795 2097 1873 2147 in-

211 2168 431 2220 lustrior
450 2174 659 2234 noster,
690 2166 836 2237 quod
855 2166 1185 2237 expeditioni
1201 2171 1383 2217 tantae
1418 2164 1706 2235 superfuit,
1749 2165 1877 2216 licet

211 2237 347 2289 nihil
366 2237 702 2306 inscripserit
721 2237 1000 2305 sanguine.
1051 2278 1054 2280 ,
1556 2281 1561 2285 .

140 2315 197 2356 15
350 2305 521 2358 Lucio
555 2305 805 2358 Cornelio
839 2304 927 2357 Sci
966 2305 1088 2356 ione
1118 2303 1361 2370 consule,
1401 2320 1522 2355 cum
1550 2303 1659 2354 iam
1690 2301 1874 2354 Sicilia
1890 2325 1936 2359 30

215 2374 523 2427 suburbana
553 2380 696 2426 esset
722 2373 910 2444 populi
982 2374 1160 2426 omani
1187 2373 1488 2443 provincia,
1524 2378 1770 2441 serpente
1799 2370 1873 2420 la-

139 2457 199 2499 16
212 2446 321 2496 tius
338 2443 482 2496 bello
503 2442 807 2496 Sardiniam
826 2443 1199 2523 adnexamque
1221 2441 1497 2494 Corsicam
1515 2441 1743 2491 transiit.
1781 2438 1872 2490 Ol-

212 2512 336 2565 biae
354 2511 467 2580 hic,
495 2511 575 2565 ibi
590 2511 810 2564 Aleriae
836 2511 988 2563 urbis
1009 2510 1220 2564 excldio
1249 2509 1454 2562 incolas
1472 2509 1685 2574 terruit,
1714 2507 1871 2559 adeo-

215 2600 319 2652 que
338 2582 482 2634 omni
499 2588 645 2634 terra
665 2588 716 2632 et
734 2581 871 2632 mari
888 2580 1099 2632 Poenos
1118 2580 1388 2649 purgavit,
1409 2579 1593 2630 utiam
1612 2577 1871 2628 victoriae

212 2651 349 2704 nihil
369 2652 475 2703 nisi
493 2650 683 2702 Africa
700 2651 818 2719 ipsa
839 2656 1081 2702 restaret.
1885 2667 1932 2701 3⁶

143 2731 198 2771 17
354 2720 538 2771 Marco
550 2719 719 2771 Atilio
739 2717 947 2787 Regulo
969 2718 1104 2771 duce
1122 2719 1230 2769 iam
1250 2718 1306 2768 in
1318 2716 1561 2769 Africam
1578 2713 1873 2782 navigabat

215 2787 432 2841 bellum.
482 2805 582 2840 nec
615 2787 898 2840 defuerant
917 2788 1010 2858 qui
1040 2787 1158 2857 ipso
1178 2786 1371 2838 Punici
1390 2786 1552 2837 maris
1573 2783 1789 2834 nomine
1809 2799 1874 2834 ac

211 2863 420 2911 terrore
452 2857 766 2922 deficerent,
803 2857 1023 2926 insuper
1054 2861 1286 2925 augente
1304 2853 1502 2906 Nautio
1529 2851 1744 2904 tribuno
1762 2868 1872 2904 me·
