2020 3168
181 188 250 242 68
772 201 948 241 Fnom
975 201 1252 241 ammom.

525 365 660 417 1111.
716 363 1020 420 SEDITIO
1054 365 1509 418 APVLEIANA.
1576 426 1579 430 ,

63 483 150 536 311,
166 466 232 519 16
321 461 504 514 Nihilo
533 462 711 514 minus
736 460 1001 530 Apuleius
1030 460 1352 514 Saturninus
1379 461 1725 516 Gracchanas
1758 465 1851 518 ad-

185 549 365 586 serere
392 530 542 599 leges
570 547 681 584 non
708 529 930 582 destitit.
971 537 1182 582 tantum
1211 531 1512 584 animorum
1528 531 1735 587 Marius
1761 534 1851 586 da-

181 602 303 667 bat,
329 600 422 670 qui
439 598 711 653 nobilitati
735 616 946 668 semper
963 600 1238 667 inimicuS,
1269 599 1552 653 consulatu
1585 618 1680 656 suo
1736 620 1855 655 rae·-

180 678 330 723 terea
374 667 608 721 confisus
633 667 752 719 ***.
802 668 981 722 occiso
1022 669 1202 739 palam
1247 669 1478 725 comitiis
1525 672 1594 724 A.
1649 620 1889 727 bffibniozs

182 739 514 808 conpetitore
561 737 870 791 tribunatus
921 737 1217 808 subrogare
1263 745 1485 793 conatus
1524 747 1607 793 est
1645 741 1703 792 in
1736 742 1852 793 eius

180 809 360 863 locum
390 806 452 860 C.
487 806 794 860 Gracchum
802 840 816 873 ,-
849 806 1120 860 hominem
1151 809 1268 860 sine
1296 807 1466 876 tribu,
1504 810 1619 862 sine
1647 817 1852 877 notore,

182 880 298 930 sine
328 877 574 944 nomine3
613 883 694 929 set
724 876 941 929 subdito
969 876 1126 930 titulo
1159 878 1216 929 in
1245 876 1508 930 familiam
1530 879 1648 949 ipse
1680 897 1737 931 se
1761 879 1853 932 ad-

138 957 165 996 2
182 946 418 1017 optabat.
464 963 586 998 cum
621 952 702 998 tot
729 947 1002 1016 tantisque
1043 945 1293 999 ludibriis
1334 947 1603 1000 exultaret
1634 949 1850 1018 inpune,

182 1015 441 1085 rogandis
463 1014 833 1068 Gracchorum
863 1014 1078 1084 legibus
1105 1017 1182 1067 ita
1210 1015 1558 1069 vehementer
1586 1017 1848 1085 incubuit,
1865 1033 1908 1067 ιο

180 1093 243 1138 ut
274 1091 522 1137 senatum
552 1101 764 1165 quoque
793 1090 1011 1152 cogeret
1039 1084 1098 1135 in
1115 1083 1286 1137 verba
1314 1085 1520 1152 iurare,
1547 1103 1669 1138 cum
1688 1085 1854 1138 abnu-

132 1180 159 1222 3
186 1154 399 1207 entibus
431 1170 572 1235 aqua
603 1160 656 1205 et
684 1154 801 1222 lgni
828 1152 1241 1206 interdicturum
1262 1154 1575 1207 minaretur.
1614 1173 1754 1208 unus
1776 1163 1854 1208 ta-

182 1241 307 1276 men
339 1224 541 1290 extit1t,
610 1223 668 1274 ui
695 1221 882 1275 mallet
912 1221 1152 1275 exilium.
1201 1223 1368 1292 igitur
1395 1232 1519 1294 post
1547 1224 1756 1278 Metelli
1773 1225 1868 1276 fu-‘

182 1311 311 1362 gam
342 1294 489 1345 omni
521 1310 591 1345 no
633 1291 804 1344 ilitate
832 1291 1084 1362 perculsa
1114 1309 1236 1344 cum
1264 1293 1373 1345 iam
1400 1295 1619 1347 tertium
1654 1312 1856 1346 annum

184 1363 577 1429 dominaretur,
601 1379 663 1415 eo
683 1362 974 1414 vaesaniae
996 1378 1319 1430 progressus
1340 1370 1445 1429 est,
1469 1370 1529 1415 ut
1549 1363 1854 1416 consularia
1871 1373 1912 1408 15
1980 1379 1982 1381 ·
2018 1375 2020 1386 ²

137 1455 166 1494 4
185 1450 397 1502 quoque
427 1432 646 1485 comitia
666 1448 809 1483 nova
844 1430 1009 1483 caede
1038 1430 1298 1484 turbaret.
1342 1433 1539 1502 quippe
1559 1439 1620 1484 ut
1656 1432 1854 1485 satelli-

182 1508 294 1553 tem
328 1501 527 1554 furoris
570 1501 655 1552 sui
692 1499 976 1553 Glauciam
1017 1500 1294 1553 consulem
1326 1500 1556 1568 faceret,
1599 1500 1857 1555 Publium

180 1570 499 1623 Memmium
518 1570 906 1640 conpetitorem
924 1568 1156 1621 interfici
1175 1571 1361 1636 iussit,
1391 1572 1520 1623 etin
1539 1588 1602 1624 eo
1622 1570 1858 1623 tumultu

180 1657 366 1709 regem
397 1657 454 1691 se
483 1658 516 1692 a
559 1638 883 1692 satellitibus
915 1638 1026 1690 suis
1051 1637 1379 1708 appellatum
1417 1637 1590 1692 laetus
1628 1642 1852 1710 accepit.

137 1717 295 1761 btum
329 1727 461 1762 vero
495 1710 606 1761 iam
636 1708 1035 1779 conspiratione
1066 1715 1283 1760 senatus
1294 1748 1310 1774 ,
1352 1710 1371 1760 i
1412 1727 1471 1763 so
1503 1727 1607 1780 quo
1646 1728 1715 1762 ue
1745 1711 1911 1763 iam20

181 1778 359 1832 Mario⁴
375 1778 624 1845 consule,
647 1779 774 1848 quia
793 1778 935 1829 tueri
953 1795 1062 1830 non
1079 1785 1316 1848 poterat,
1336 1795 1369 1830 a
1408 1796 1594 1847 verso,
1657 1780 1669 1791 “
1704 1786 1855 1832 ectae

134 1866 162 1908 6
182 1849 241 1899 in
260 1848 378 1901 foro
400 1849 571 1915 acies3
610 1846 799 1917 pulsus
831 1847 959 1899 inde
993 1846 1325 1916 Capitolium
1356 1849 1575 1901 invasit.
1617 1849 1716 1903 sed
1733 1866 1857 1902 cum

182 1916 425 1987 abruptis
458 1916 654 1969 fistulis
684 1916 1021 1969 obsideretur
1052 1918 1367 1989 senatuique
1386 1936 1485 1988 per
1503 1918 1710 1988 legatos
1768 1936 1855 1971 ae-

181 1987 442 2038 nitentiae
459 1986 622 2038 fidem
643 1986 870 2053 faceret,
904 1984 972 2037 ab
1004 2003 1127 2038 arce
1163 1986 1451 2057 degressus
1483 2006 1605 2041 cum
1624 1989 1749 2040 duci
1787 2006 1852 2039 us

181 2055 433 2109 factionis
452 2063 700 2125 receptus
719 2056 778 2107 in
800 2056 1003 2108 curiam
1023 2062 1118 2107 est.
1140 2054 1219 2107 ibi
1239 2074 1360 2109 eum
1379 2057 1524 2109 facta
1540 2059 1849 2127 inruptione
1864 2070 1907 2103 25

219 2125 410 2195 opulus
431 2124 665 2177 fustibus
688 2126 943 2196 saxisque
965 2131 1210 2194 opertum
1228 2127 1286 2177 in
1303 2127 1423 2196 ipsa
1443 2145 1655 2198 quoque
1678 2134 1849 2179 morte

200 2196 453 2247 aceravit.

576 2300 643 2352 V.
696 2299 998 2353 SEDITIO
1034 2298 1438 2352 DRVSIANA.

64 2404 148 2460 111,
178 2393 243 2445 17
316 2393 594 2446 Postremo
614 2393 806 2446 Livius
825 2394 1039 2447 Drusus
1064 2411 1173 2446 non
1203 2393 1510 2445 tribunatus
1539 2392 1697 2446 modo
1718 2395 1846 2445 viri·

178 2462 305 2528 buS,
344 2462 442 2514 sed
468 2463 638 2532 ipsius
669 2465 829 2516 etiam
859 2471 1075 2515 senatus
1106 2464 1423 2516 auctoritate
1442 2463 1713 2532 totiusque
1738 2462 1845 2514 Ita·
1862 2484 1903 2518 30

179 2531 283 2582 liae
304 2549 570 2584 consensu
592 2532 808 2585 easdem
827 2533 975 2602 leges
996 2533 1247 2585 adserere
1267 2539 1489 2584 conatus
1499 2571 1514 2598 ,
1537 2531 1663 2583 dum
1683 2531 1847 2584 alium
1974 2532 1984 2537 ”

139 2619 164 2657 2
181 2608 359 2669 captat
388 2619 457 2652 ex
485 2601 618 2668 alio,
650 2609 859 2655 tantum
891 2602 1144 2655 conflavit
1173 2601 1507 2668 incendium,
1536 2608 1596 2652 ut
1619 2618 1718 2652 nec
1739 2602 1844 2671 pri-

178 2687 320 2721 mam
356 2670 501 2721 illius
542 2670 811 2723 flammam
844 2680 1029 2742 posset
1070 2673 1336 2723 sustinere
1373 2678 1424 2722 et
1461 2669 1638 2722 subita
1673 2678 1844 2721 morte

179 2747 454 2808 correptus
475 2739 861 2792 hereditarium
879 2743 935 2793 in
990 2749 1195 2794 osteros
1219 2758 1341 2793 suos
1361 2738 1565 2792 bellum
1581 2756 1844 2809 propaga·

135 2820 161 2860 3
179 2815 275 2859 ret.
320 2809 603 2860 iudiciaria
630 2809 751 2879 lege
788 2810 962 2862 Gracc
1003 2812 1021 2862 i
1052 2811 1350 2863 diviserant
1376 2807 1633 2879 populum
1650 2808 1842 2860 Roma·
1858 2822 1901 2855 35
1966 2811 1990 2878 ᾗῇ

176 2895 305 2928 num
331 2886 382 2929 et
400 2877 676 2947 bicipitem
699 2897 768 2931 ex
786 2898 893 2931 una
914 2880 1152 2932 fecerant
1171 2880 1460 2932 civitatem.
1504 2879 1708 2947 equites
1738 2877 1843 2929 Ro-
