<?xml version="1.0" encoding="UTF-8"?>
<!DOCTYPE html PUBLIC "-//W3C//DTD XHTML 1.0 Transitional//EN"
    "http://www.w3.org/TR/xhtml1/DTD/xhtml1-transitional.dtd">
<html xmlns="http://www.w3.org/1999/xhtml" xml:lang="en" lang="en">
 <head>
  <title>
</title>
<meta http-equiv="Content-Type" content="text/html;charset=utf-8" />
  <meta name='ocr-system' content='tesseract 3.04.00' />
  <meta name='ocr-capabilities' content='ocr_page ocr_carea ocr_par ocr_line ocrx_word'/>
</head>
<body>
  <div class='ocr_page' id='page_1' title='image "./epitomaedetitoli00floruoft_0102.png"; bbox 0 0 2020 3168; ppageno 0'>
   <div class='ocr_carea' id='block_1_1' title="bbox 210 216 1256 267">
    <p class='ocr_par' dir='ltr' id='par_1_1' title="bbox 210 216 1256 267">
     <span class='ocr_line' id='line_1_1' title="bbox 210 216 1256 267; baseline -0.001 0"><span class='ocrx_word' id='word_1_1' title='bbox 210 216 277 267; x_wconf 86' lang='lat'>78</span> <span class='ocrx_word' id='word_1_2' title='bbox 786 227 961 267; x_wconf 75' lang='lat' dir='ltr'>FLom</span> <span class='ocrx_word' id='word_1_3' title='bbox 979 227 1256 266; x_wconf 81' lang='lat' dir='ltr'>EPITOMA.</span> 
     </span>
    </p>
   </div>
   <div class='ocr_carea' id='block_1_2' title="bbox 165 351 1935 1527">
    <p class='ocr_par' dir='ltr' id='par_1_2' title="bbox 165 351 1935 1527">
     <span class='ocr_line' id='line_1_2' title="bbox 209 351 1877 436; baseline 0.002 -30"><span class='ocrx_word' id='word_1_4' title='bbox 209 354 359 406; x_wconf 89' lang='lat' dir='ltr'>aliud</span> <span class='ocrx_word' id='word_1_5' title='bbox 407 370 568 424; x_wconf 91' lang='lat' dir='ltr'>quam</span> <span class='ocrx_word' id='word_1_6' title='bbox 613 353 683 405; x_wconf 91' lang='lat' dir='ltr'>ad</span> <span class='ocrx_word' id='word_1_7' title='bbox 729 351 933 404; x_wconf 91' lang='lat' dir='ltr'>bellum</span> <span class='ocrx_word' id='word_1_8' title='bbox 975 352 1350 405; x_wconf 76' lang='lat' dir='ltr'>vocabantur?</span> <span class='ocrx_word' id='word_1_9' title='bbox 1397 372 1624 436; x_wconf 87' lang='lat' dir='ltr'>cumque</span> <span class='ocrx_word' id='word_1_10' title='bbox 1660 357 1877 410; x_wconf 88' lang='lat' dir='ltr'>damna·</span> 
     </span>
     <span class='ocr_line' id='line_1_3' title="bbox 207 421 1877 493; baseline 0.002 -18"><span class='ocrx_word' id='word_1_11' title='bbox 207 431 386 476; x_wconf 89' lang='lat' dir='ltr'>torum</span> <span class='ocrx_word' id='word_1_12' title='bbox 424 424 624 474; x_wconf 90' lang='lat' dir='ltr'>civium</span> <span class='ocrx_word' id='word_1_13' title='bbox 658 421 802 475; x_wconf 91' lang='lat' dir='ltr'>bona</span> <span class='ocrx_word' id='word_1_14' title='bbox 838 421 1124 474; x_wconf 82' lang='lat' dir='ltr'>addicente</span> <span class='ocrx_word' id='word_1_15' title='bbox 1146 421 1298 474; x_wconf 88' lang='lat' dir='ltr'>Sulla</span> <span class='ocrx_word' id='word_1_16' title='bbox 1334 441 1580 493; x_wconf 77' lang='lat' dir='ltr'><strong>quamvls</strong></span> <span class='ocrx_word' id='word_1_17' title='bbox 1615 426 1755 478; x_wconf 89' lang='lat' dir='ltr'>male</span> <span class='ocrx_word' id='word_1_18' title='bbox 1790 444 1877 478; x_wconf 85' lang='lat' dir='ltr'>ca-</span> 
     </span>
     <span class='ocr_line' id='line_1_4' title="bbox 246 492 1877 563; baseline 0.002 -20"><span class='ocrx_word' id='word_1_19' title='bbox 246 500 303 544; x_wconf 87' lang='lat' dir='ltr'>ta</span> <span class='ocrx_word' id='word_1_20' title='bbox 337 493 455 542; x_wconf 87' lang='lat' dir='ltr'>iure</span> <span class='ocrx_word' id='word_1_21' title='bbox 492 498 674 542; x_wconf 90' lang='lat' dir='ltr'>tamen</span> <span class='ocrx_word' id='word_1_22' title='bbox 708 497 1036 556; x_wconf 85' lang='lat' dir='ltr'>tenerentur,</span> <span class='ocrx_word' id='word_1_23' title='bbox 1072 492 1321 560; x_wconf 79' lang='lat' dir='ltr'>repetitio</span> <span class='ocrx_word' id='word_1_24' title='bbox 1351 510 1535 545; x_wconf 89' lang='lat' dir='ltr'>eorum</span> <span class='ocrx_word' id='word_1_25' title='bbox 1561 494 1750 563; x_wconf 90' lang='lat' dir='ltr'>procul</span> <span class='ocrx_word' id='word_1_26' title='bbox 1783 496 1877 547; x_wconf 91' lang='lat' dir='ltr'>du-</span> 
     </span>
     <span class='ocr_line' id='line_1_5' title="bbox 167 511 1878 634; baseline 0.004 -24"><span class='ocrx_word' id='word_1_27' title='bbox 167 511 300 612; x_wconf 56' lang='lat' dir='ltr'>aissio</span> <span class='ocrx_word' id='word_1_28' title='bbox 348 559 716 611; x_wconf 83' lang='lat' dir='ltr'>labefactabat</span> <span class='ocrx_word' id='word_1_29' title='bbox 760 559 1087 629; x_wconf 88' lang='lat' dir='ltr'>compositae</span> <span class='ocrx_word' id='word_1_30' title='bbox 1133 560 1368 613; x_wconf 87' lang='lat' dir='ltr'>civitatis</span> <span class='ocrx_word' id='word_1_31' title='bbox 1417 569 1631 614; x_wconf 88' lang='lat' dir='ltr'>statum.</span> <span class='ocrx_word' id='word_1_32' title='bbox 1717 581 1878 634; x_wconf 85' lang='lat' dir='ltr'>expe·</span> 
     </span>
     <span class='ocr_line' id='line_1_6' title="bbox 211 629 1919 703; baseline 0.002 -22"><span class='ocrx_word' id='word_1_33' title='bbox 211 629 395 681; x_wconf 89' lang='lat' dir='ltr'>diebat</span> <span class='ocrx_word' id='word_1_34' title='bbox 433 646 562 696; x_wconf 88' lang='lat' dir='ltr'>ergo</span> <span class='ocrx_word' id='word_1_35' title='bbox 600 629 756 698; x_wconf 85' lang='lat' dir='ltr'>quasi</span> <span class='ocrx_word' id='word_1_36' title='bbox 791 645 989 697; x_wconf 88' lang='lat' dir='ltr'>aegrae</span> <span class='ocrx_word' id='word_1_37' title='bbox 1015 630 1335 700; x_wconf 80' lang='lat' dir='ltr'>sauciaeque</span> <span class='ocrx_word' id='word_1_38' title='bbox 1363 632 1445 683; x_wconf 90' lang='lat' dir='ltr'>rei</span> <span class='ocrx_word' id='word_1_39' title='bbox 1479 631 1731 700; x_wconf 91' lang='lat' dir='ltr'>publicae</span> <span class='ocrx_word' id='word_1_40' title='bbox 1766 633 1879 703; x_wconf 91' lang='lat' dir='ltr'>qui-</span> <span class='ocrx_word' id='word_1_41' title='bbox 1897 653 1919 684; x_wconf 78' lang='lat'>5</span> 
     </span>
     <span class='ocr_line' id='line_1_7' title="bbox 209 697 1879 770; baseline 0.002 -21"><span class='ocrx_word' id='word_1_42' title='bbox 209 715 391 750; x_wconf 86' lang='lat' dir='ltr'>escere</span> <span class='ocrx_word' id='word_1_43' title='bbox 428 697 940 767; x_wconf 86' lang='lat' dir='ltr'>quomodocumque,</span> <span class='ocrx_word' id='word_1_44' title='bbox 977 715 1046 749; x_wconf 92' lang='lat' dir='ltr'>ne</span> <span class='ocrx_word' id='word_1_45' title='bbox 1080 698 1306 751; x_wconf 87' lang='lat' dir='ltr'>volnera</span> <span class='ocrx_word' id='word_1_46' title='bbox 1340 701 1615 753; x_wconf 85' lang='lat' dir='ltr'>curatione</span> <span class='ocrx_word' id='word_1_47' title='bbox 1651 702 1771 770; x_wconf 88' lang='lat' dir='ltr'>ipsa</span> <span class='ocrx_word' id='word_1_48' title='bbox 1798 719 1879 753; x_wconf 90' lang='lat' dir='ltr'>re-</span> 
     </span>
     <span class='ocr_line' id='line_1_8' title="bbox 167 767 1880 836; baseline 0.001 -16"><span class='ocrx_word' id='word_1_49' title='bbox 167 780 192 820; x_wconf 86' lang='lat'>5</span> <span class='ocrx_word' id='word_1_50' title='bbox 212 767 601 819; x_wconf 85' lang='lat' dir='ltr'>scinderentur.</span> <span class='ocrx_word' id='word_1_51' title='bbox 688 784 817 836; x_wconf 89' lang='lat' dir='ltr'>ergo</span> <span class='ocrx_word' id='word_1_52' title='bbox 875 784 997 818; x_wconf 91' lang='lat' dir='ltr'>cum</span> <span class='ocrx_word' id='word_1_53' title='bbox 1051 767 1285 820; x_wconf 83' lang='lat' dir='ltr'>turbidis</span> <span class='ocrx_word' id='word_1_54' title='bbox 1338 769 1676 822; x_wconf 91' lang='lat' dir='ltr'>contionibus</span> <span class='ocrx_word' id='word_1_55' title='bbox 1728 770 1880 822; x_wconf 87' lang='lat' dir='ltr'>velut</span> 
     </span>
     <span class='ocr_line' id='line_1_9' title="bbox 210 836 1881 906; baseline 0.001 -17"><span class='ocrx_word' id='word_1_56' title='bbox 210 836 438 889; x_wconf 89' lang='lat' dir='ltr'>classico</span> <span class='ocrx_word' id='word_1_57' title='bbox 486 836 762 888; x_wconf 88' lang='lat' dir='ltr'>civitatem</span> <span class='ocrx_word' id='word_1_58' title='bbox 814 836 1123 902; x_wconf 90' lang='lat' dir='ltr'>terruisset,</span> <span class='ocrx_word' id='word_1_59' title='bbox 1182 837 1457 906; x_wconf 85' lang='lat' dir='ltr'>profectus</span> <span class='ocrx_word' id='word_1_60' title='bbox 1502 839 1561 890; x_wconf 90' lang='lat' dir='ltr'>in</span> <span class='ocrx_word' id='word_1_61' title='bbox 1604 838 1881 891; x_wconf 86' lang='lat' dir='ltr'>Etruriam</span> 
     </span>
     <span class='ocr_line' id='line_1_10' title="bbox 165 905 1881 960; baseline 0.002 -4"><span class='ocrx_word' id='word_1_62' title='bbox 165 907 192 949; x_wconf 86' lang='grc'>6</span> <span class='ocrx_word' id='word_1_63' title='bbox 209 922 358 956; x_wconf 87' lang='lat' dir='ltr'>arma</span> <span class='ocrx_word' id='word_1_64' title='bbox 403 905 532 957; x_wconf 91' lang='lat' dir='ltr'>inde</span> <span class='ocrx_word' id='word_1_65' title='bbox 578 912 630 956; x_wconf 90' lang='lat' dir='ltr'>et</span> <span class='ocrx_word' id='word_1_66' title='bbox 685 906 982 957; x_wconf 86' lang='lat' dir='ltr'>exercitum</span> <span class='ocrx_word' id='word_1_67' title='bbox 1027 905 1151 957; x_wconf 91' lang='lat' dir='ltr'>urbi</span> <span class='ocrx_word' id='word_1_68' title='bbox 1190 906 1537 960; x_wconf 77' lang='lat' dir='ltr'>admovebat.</span> <span class='ocrx_word' id='word_1_69' title='bbox 1616 908 1714 960; x_wconf 85' lang='lat' dir='ltr'>sed</span> <span class='ocrx_word' id='word_1_70' title='bbox 1771 909 1881 960; x_wconf 88' lang='lat' dir='ltr'>iam</span> 
     </span>
     <span class='ocr_line' id='line_1_11' title="bbox 207 973 1929 1044; baseline 0 -18"><span class='ocrx_word' id='word_1_71' title='bbox 207 974 474 1026; x_wconf 87' lang='lat' dir='ltr'>Mulvium</span> <span class='ocrx_word' id='word_1_72' title='bbox 509 981 727 1044; x_wconf 89' lang='lat' dir='ltr'>pontem</span> <span class='ocrx_word' id='word_1_73' title='bbox 763 973 1058 1044; x_wconf 89' lang='lat' dir='ltr'>collemque</span> <span class='ocrx_word' id='word_1_74' title='bbox 1093 974 1398 1028; x_wconf 81' lang='lat' dir='ltr'>Ianiculum</span> <span class='ocrx_word' id='word_1_75' title='bbox 1430 976 1680 1029; x_wconf 84' lang='lat' dir='ltr'>Lutatius</span> <span class='ocrx_word' id='word_1_76' title='bbox 1718 977 1929 1030; x_wconf 84' lang='lat' dir='ltr'>Catu-10</span> 
     </span>
     <span class='ocr_line' id='line_1_12' title="bbox 208 1041 1878 1113; baseline 0.002 -19"><span class='ocrx_word' id='word_1_77' title='bbox 208 1043 292 1095; x_wconf 88' lang='lat' dir='ltr'>lus</span> <span class='ocrx_word' id='word_1_78' title='bbox 332 1042 626 1113; x_wconf 83' lang='lat' dir='ltr'>Gneusque</span> <span class='ocrx_word' id='word_1_79' title='bbox 650 1043 785 1095; x_wconf 90' lang='lat' dir='ltr'>Pom</span> <span class='ocrx_word' id='word_1_80' title='bbox 825 1043 965 1109; x_wconf 72' lang='lat' dir='ltr'>eiuS,</span> <span class='ocrx_word' id='word_1_81' title='bbox 1005 1041 1259 1095; x_wconf 89' lang='lat' dir='ltr'>Sullanae</span> <span class='ocrx_word' id='word_1_82' title='bbox 1297 1044 1677 1097; x_wconf 87' lang='lat' dir='ltr'>dominationis</span> <span class='ocrx_word' id='word_1_83' title='bbox 1714 1046 1878 1098; x_wconf 87' lang='lat' dir='ltr'>duces</span> 
     </span>
     <span class='ocr_line' id='line_1_13' title="bbox 166 1112 1878 1186; baseline 0.001 -22"><span class='ocrx_word' id='word_1_84' title='bbox 166 1118 190 1156; x_wconf 91' lang='lat'><strong>7</strong></span> <span class='ocrx_word' id='word_1_85' title='bbox 210 1120 369 1182; x_wconf 90' lang='lat' dir='ltr'>atque</span> <span class='ocrx_word' id='word_1_86' title='bbox 418 1112 691 1181; x_wconf 81' lang='lat' dir='ltr'>signiferi,</span> <span class='ocrx_word' id='word_1_87' title='bbox 754 1130 786 1163; x_wconf 91' lang='lat' dir='ltr'>a</span> <span class='ocrx_word' id='word_1_88' title='bbox 808 1112 859 1163; x_wconf 93' lang='lat' dir='ltr'>io</span> <span class='ocrx_word' id='word_1_89' title='bbox 908 1112 1151 1164; x_wconf 85' lang='lat' dir='ltr'>exercitu</span> <span class='ocrx_word' id='word_1_90' title='bbox 1195 1113 1523 1165; x_wconf 87' lang='lat' dir='ltr'>insederant.</span> <span class='ocrx_word' id='word_1_91' title='bbox 1609 1133 1642 1165; x_wconf 91' lang='lat' dir='ltr'>a</span> <span class='ocrx_word' id='word_1_92' title='bbox 1683 1114 1878 1186; x_wconf 84' lang='lat' dir='ltr'>quibus</span> 
     </span>
     <span class='ocr_line' id='line_1_14' title="bbox 206 1181 1881 1253; baseline 0.001 -20"><span class='ocrx_word' id='word_1_93' title='bbox 206 1183 379 1251; x_wconf 91' lang='lat' dir='ltr'>primo</span> <span class='ocrx_word' id='word_1_94' title='bbox 419 1182 601 1232; x_wconf 86' lang='lat' dir='ltr'>statim</span> <span class='ocrx_word' id='word_1_95' title='bbox 647 1181 854 1250; x_wconf 91' lang='lat' dir='ltr'>impetu</span> <span class='ocrx_word' id='word_1_96' title='bbox 897 1187 1042 1234; x_wconf 91' lang='lat' dir='ltr'>retro</span> <span class='ocrx_word' id='word_1_97' title='bbox 1078 1181 1265 1251; x_wconf 91' lang='lat' dir='ltr'>pulsus</span> <span class='ocrx_word' id='word_1_98' title='bbox 1297 1182 1575 1253; x_wconf 87' lang='lat' dir='ltr'>hostisque</span> <span class='ocrx_word' id='word_1_99' title='bbox 1620 1201 1654 1235; x_wconf 90' lang='lat' dir='ltr'>a</span> <span class='ocrx_word' id='word_1_100' title='bbox 1690 1190 1881 1235; x_wconf 89' lang='lat' dir='ltr'>senatu</span> 
     </span>
     <span class='ocr_line' id='line_1_15' title="bbox 208 1249 1880 1318; baseline 0.003 -17"><span class='ocrx_word' id='word_1_101' title='bbox 208 1250 477 1302; x_wconf 91' lang='lat' dir='ltr'>iudicatus</span> <span class='ocrx_word' id='word_1_102' title='bbox 532 1251 814 1301; x_wconf 85' lang='lat' dir='ltr'>incruenta</span> <span class='ocrx_word' id='word_1_103' title='bbox 859 1249 992 1318; x_wconf 90' lang='lat' dir='ltr'>fuga</span> <span class='ocrx_word' id='word_1_104' title='bbox 1035 1250 1337 1318; x_wconf 87' lang='lat' dir='ltr'>Etruriam,</span> <span class='ocrx_word' id='word_1_105' title='bbox 1394 1252 1522 1304; x_wconf 90' lang='lat' dir='ltr'>inde</span> <span class='ocrx_word' id='word_1_106' title='bbox 1573 1251 1880 1306; x_wconf 86' lang='lat' dir='ltr'>Sardiniam</span> 
     </span>
     <span class='ocr_line' id='line_1_16' title="bbox 165 1318 1935 1389; baseline 0.002 -19"><span class='ocrx_word' id='word_1_107' title='bbox 165 1320 456 1386; x_wconf 82' lang='lat' dir='ltr'>Srecessit,</span> <span class='ocrx_word' id='word_1_108' title='bbox 503 1318 689 1389; x_wconf 89' lang='lat' dir='ltr'>ibique</span> <span class='ocrx_word' id='word_1_109' title='bbox 723 1318 910 1371; x_wconf 91' lang='lat' dir='ltr'>morbo</span> <span class='ocrx_word' id='word_1_110' title='bbox 949 1327 1001 1371; x_wconf 87' lang='lat' dir='ltr'>et</span> <span class='ocrx_word' id='word_1_111' title='bbox 1041 1321 1372 1389; x_wconf 85' lang='lat' dir='ltr'>paenitentia</span> <span class='ocrx_word' id='word_1_112' title='bbox 1414 1322 1635 1374; x_wconf 86' lang='lat' dir='ltr'>interiit.</span> <span class='ocrx_word' id='word_1_113' title='bbox 1708 1323 1876 1374; x_wconf 86' lang='lat' dir='ltr'>victo-</span> <span class='ocrx_word' id='word_1_114' title='bbox 1894 1342 1935 1375; x_wconf 86' lang='lat'>15</span> 
     </span>
     <span class='ocr_line' id='line_1_17' title="bbox 205 1388 1876 1459; baseline 0.001 -19"><span class='ocrx_word' id='word_1_115' title='bbox 205 1406 293 1440; x_wconf 87' lang='lat' dir='ltr'>res</span> <span class='ocrx_word' id='word_1_116' title='bbox 329 1405 557 1459; x_wconf 88' lang='lat' dir='ltr'>quoque,</span> <span class='ocrx_word' id='word_1_117' title='bbox 592 1388 736 1458; x_wconf 91' lang='lat' dir='ltr'>quod</span> <span class='ocrx_word' id='word_1_118' title='bbox 770 1406 879 1440; x_wconf 89' lang='lat' dir='ltr'>non</span> <span class='ocrx_word' id='word_1_119' title='bbox 918 1395 1118 1440; x_wconf 88' lang='lat' dir='ltr'>temere</span> <span class='ocrx_word' id='word_1_120' title='bbox 1155 1390 1289 1441; x_wconf 85' lang='lat' dir='ltr'>alias</span> <span class='ocrx_word' id='word_1_121' title='bbox 1326 1392 1383 1441; x_wconf 89' lang='lat' dir='ltr'>in</span> <span class='ocrx_word' id='word_1_122' title='bbox 1416 1390 1664 1443; x_wconf 86' lang='lat' dir='ltr'>civilibus</span> <span class='ocrx_word' id='word_1_123' title='bbox 1699 1390 1876 1456; x_wconf 89' lang='lat' dir='ltr'>bellis,</span> 
     </span>
     <span class='ocr_line' id='line_1_18' title="bbox 205 1457 920 1527; baseline -0.001 -18"><span class='ocrx_word' id='word_1_124' title='bbox 205 1459 375 1527; x_wconf 88' lang='lat' dir='ltr'>partis</span> <span class='ocrx_word' id='word_1_125' title='bbox 413 1457 652 1510; x_wconf 89' lang='lat' dir='ltr'>contenti</span> <span class='ocrx_word' id='word_1_126' title='bbox 685 1457 920 1510; x_wconf 88' lang='lat' dir='ltr'>fuerunt.</span> 
     </span>
    </p>
   </div>
   <div class='ocr_carea' id='block_1_3' title="bbox 559 1565 1509 1621">
    <p class='ocr_par' dir='ltr' id='par_1_3' title="bbox 559 1565 1509 1621">
     <span class='ocr_line' id='line_1_19' title="bbox 559 1565 1509 1621; baseline 0.001 -2"><span class='ocrx_word' id='word_1_127' title='bbox 559 1565 693 1619; x_wconf 88' lang='lat' dir='ltr'>XII.</span> <span class='ocrx_word' id='word_1_128' title='bbox 737 1566 1045 1619; x_wconf 87' lang='lat' dir='ltr'><strong>BELLVM</strong></span> <span class='ocrx_word' id='word_1_129' title='bbox 1085 1566 1509 1621; x_wconf 86' lang='lat' dir='ltr'>CATILINAE.</span> 
     </span>
    </p>
   </div>
   <div class='ocr_carea' id='block_1_4' title="bbox 91 1671 1934 2986">
    <p class='ocr_par' dir='ltr' id='par_1_4' title="bbox 91 1671 1934 1949">
     <span class='ocr_line' id='line_1_20' title="bbox 91 1671 1875 1741; baseline 0.003 -23"><span class='ocrx_word' id='word_1_130' title='bbox 91 1673 243 1734; x_wconf 93' lang='lat' dir='ltr'>1111,l</span> <span class='ocrx_word' id='word_1_131' title='bbox 350 1671 641 1725; x_wconf 83' lang='lat' dir='ltr'>Catilinam</span> <span class='ocrx_word' id='word_1_132' title='bbox 670 1671 887 1723; x_wconf 85' lang='lat' dir='ltr'>luxuria</span> <span class='ocrx_word' id='word_1_133' title='bbox 910 1672 1156 1741; x_wconf 90' lang='lat' dir='ltr'>primum,</span> <span class='ocrx_word' id='word_1_134' title='bbox 1193 1680 1306 1722; x_wconf 91' lang='lat' dir='ltr'>tum</span> <span class='ocrx_word' id='word_1_135' title='bbox 1341 1672 1467 1725; x_wconf 91' lang='lat' dir='ltr'>hinc</span> <span class='ocrx_word' id='word_1_136' title='bbox 1487 1671 1717 1726; x_wconf 87' lang='lat' dir='ltr'>conflata</span> <span class='ocrx_word' id='word_1_137' title='bbox 1754 1689 1875 1740; x_wconf 88' lang='lat' dir='ltr'>ege-</span> 
     </span>
     <span class='ocr_line' id='line_1_21' title="bbox 209 1740 1934 1811; baseline -0.001 -19"><span class='ocrx_word' id='word_1_138' title='bbox 209 1749 316 1792; x_wconf 87' lang='lat' dir='ltr'>stas</span> <span class='ocrx_word' id='word_1_139' title='bbox 362 1741 442 1792; x_wconf 91' lang='lat' dir='ltr'>rei</span> <span class='ocrx_word' id='word_1_140' title='bbox 488 1740 796 1807; x_wconf 85' lang='lat' dir='ltr'>familiari-s,</span> <span class='ocrx_word' id='word_1_141' title='bbox 846 1740 1005 1792; x_wconf 86' lang='lat' dir='ltr'>simul</span> <span class='ocrx_word' id='word_1_142' title='bbox 1051 1741 1287 1807; x_wconf 78' lang='lat' dir='ltr'>occasiO,</span> <span class='ocrx_word' id='word_1_143' title='bbox 1336 1741 1481 1811; x_wconf 89' lang='lat' dir='ltr'>quod</span> <span class='ocrx_word' id='word_1_144' title='bbox 1518 1742 1577 1793; x_wconf 92' lang='lat' dir='ltr'>in</span> <span class='ocrx_word' id='word_1_145' title='bbox 1622 1741 1875 1793; x_wconf 88' lang='lat' dir='ltr'>extremis</span> <span class='ocrx_word' id='word_1_146' title='bbox 1891 1758 1934 1791; x_wconf 81' lang='lat'>20</span> 
     </span>
     <span class='ocr_line' id='line_1_22' title="bbox 205 1810 1876 1879; baseline 0.001 -19"><span class='ocrx_word' id='word_1_147' title='bbox 205 1810 403 1862; x_wconf 87' lang='lat' dir='ltr'>finibus</span> <span class='ocrx_word' id='word_1_148' title='bbox 439 1810 626 1861; x_wconf 87' lang='lat' dir='ltr'>mundi</span> <span class='ocrx_word' id='word_1_149' title='bbox 663 1827 813 1863; x_wconf 88' lang='lat' dir='ltr'>arma</span> <span class='ocrx_word' id='word_1_150' title='bbox 847 1810 1091 1862; x_wconf 88' lang='lat' dir='ltr'>Romana</span> <span class='ocrx_word' id='word_1_151' title='bbox 1134 1810 1646 1879; x_wconf 79' lang='lat' dir='ltr'>peregrinabantur,</span> <span class='ocrx_word' id='word_1_152' title='bbox 1693 1811 1750 1861; x_wconf 91' lang='lat' dir='ltr'>in</span> <span class='ocrx_word' id='word_1_153' title='bbox 1784 1828 1876 1862; x_wconf 92' lang='lat' dir='ltr'>ne-</span> 
     </span>
     <span class='ocr_line' id='line_1_23' title="bbox 206 1878 1874 1949; baseline 0.001 -20"><span class='ocrx_word' id='word_1_154' title='bbox 206 1879 347 1930; x_wconf 84' lang='lat' dir='ltr'>faria</span> <span class='ocrx_word' id='word_1_155' title='bbox 396 1879 623 1931; x_wconf 88' lang='lat' dir='ltr'>consilia</span> <span class='ocrx_word' id='word_1_156' title='bbox 677 1879 1059 1949; x_wconf 88' lang='lat' dir='ltr'>opprimendae</span> <span class='ocrx_word' id='word_1_157' title='bbox 1113 1879 1321 1948; x_wconf 89' lang='lat' dir='ltr'>patriae</span> <span class='ocrx_word' id='word_1_158' title='bbox 1376 1897 1504 1931; x_wconf 90' lang='lat' dir='ltr'>suae</span> <span class='ocrx_word' id='word_1_159' title='bbox 1567 1878 1874 1949; x_wconf 89' lang='lat' dir='ltr'>conpulere.</span> 
     </span>
    </p>

    <p class='ocr_par' dir='ltr' id='par_1_5' title="bbox 161 1948 1931 2986">
     <span class='ocr_line' id='line_1_24' title="bbox 165 1948 1875 2017; baseline 0.002 -21"><span class='ocrx_word' id='word_1_160' title='bbox 165 1956 452 1999; x_wconf 72' lang='lat' dir='ltr'>25enatum</span> <span class='ocrx_word' id='word_1_161' title='bbox 483 1948 789 2015; x_wconf 88' lang='lat' dir='ltr'>confodere,</span> <span class='ocrx_word' id='word_1_162' title='bbox 827 1948 1075 2002; x_wconf 88' lang='lat' dir='ltr'>consules</span> <span class='ocrx_word' id='word_1_163' title='bbox 1111 1948 1398 2015; x_wconf 89' lang='lat' dir='ltr'>trucidare,</span> <span class='ocrx_word' id='word_1_164' title='bbox 1437 1949 1760 2017; x_wconf 85' lang='lat' dir='ltr'>distringere</span> <span class='ocrx_word' id='word_1_165' title='bbox 1797 1950 1875 2000; x_wconf 93' lang='lat' dir='ltr'>in-</span> 
     </span>
     <span class='ocr_line' id='line_1_25' title="bbox 207 2017 1876 2098; baseline 0 -30"><span class='ocrx_word' id='word_1_166' title='bbox 207 2017 413 2069; x_wconf 81' lang='lat' dir='ltr'>cendiis</span> <span class='ocrx_word' id='word_1_167' title='bbox 450 2017 664 2084; x_wconf 88' lang='lat' dir='ltr'>urbem,</span> <span class='ocrx_word' id='word_1_168' title='bbox 703 2017 938 2087; x_wconf 88' lang='lat' dir='ltr'>diripere</span> <span class='ocrx_word' id='word_1_169' title='bbox 976 2018 1268 2083; x_wconf 88' lang='lat' dir='ltr'>aerarium,</span> <span class='ocrx_word' id='word_1_170' title='bbox 1304 2025 1472 2070; x_wconf 87' lang='lat' dir='ltr'>totam</span> <span class='ocrx_word' id='word_1_171' title='bbox 1502 2018 1734 2098; x_wconf 86' lang='lat' dir='ltr'>denique</span> <span class='ocrx_word' id='word_1_172' title='bbox 1760 2035 1876 2068; x_wconf 91' lang='lat' dir='ltr'>rem</span> 
     </span>
     <span class='ocr_line' id='line_1_26' title="bbox 241 2085 1931 2155; baseline 0.001 -18"><span class='ocrx_word' id='word_1_173' title='bbox 241 2086 475 2138; x_wconf 91' lang='lat' dir='ltr'>ublicam</span> <span class='ocrx_word' id='word_1_174' title='bbox 507 2086 752 2140; x_wconf 83' lang='lat' dir='ltr'>funditus</span> <span class='ocrx_word' id='word_1_175' title='bbox 790 2086 981 2140; x_wconf 89' lang='lat' dir='ltr'>tollere</span> <span class='ocrx_word' id='word_1_176' title='bbox 1017 2093 1068 2137; x_wconf 92' lang='lat' dir='ltr'>et</span> <span class='ocrx_word' id='word_1_177' title='bbox 1104 2086 1365 2155; x_wconf 92' lang='lat' dir='ltr'>quidquid</span> <span class='ocrx_word' id='word_1_178' title='bbox 1399 2104 1499 2138; x_wconf 90' lang='lat' dir='ltr'>nec</span> <span class='ocrx_word' id='word_1_179' title='bbox 1517 2085 1758 2138; x_wconf 90' lang='lat' dir='ltr'>Anmbal</span> <span class='ocrx_word' id='word_1_180' title='bbox 1794 2086 1872 2137; x_wconf 86' lang='lat' dir='ltr'>vi·</span> <span class='ocrx_word' id='word_1_181' title='bbox 1889 2106 1931 2138; x_wconf 82' lang='lat'>25</span> 
     </span>
     <span class='ocr_line' id='line_1_27' title="bbox 164 2155 1873 2227; baseline -0.001 -21"><span class='ocrx_word' id='word_1_182' title='bbox 164 2159 189 2201; x_wconf 88' lang='lat'><strong>3</strong></span> <span class='ocrx_word' id='word_1_183' title='bbox 246 2162 422 2207; x_wconf 89' lang='lat' dir='ltr'>eretur</span> <span class='ocrx_word' id='word_1_184' title='bbox 458 2162 696 2225; x_wconf 88' lang='lat' dir='ltr'>optasse,</span> <span class='ocrx_word' id='word_1_185' title='bbox 736 2155 932 2227; x_wconf 91' lang='lat' dir='ltr'>quibus</span> <span class='ocrx_word' id='word_1_186' title='bbox 962 2186 1034 2197; x_wconf 88' lang='lat'>·——</span> <span class='ocrx_word' id='word_1_187' title='bbox 1070 2173 1100 2207; x_wconf 92' lang='lat' dir='ltr'>o</span> <span class='ocrx_word' id='word_1_188' title='bbox 1136 2155 1315 2206; x_wconf 85' lang='lat' dir='ltr'>nefas!</span> <span class='ocrx_word' id='word_1_189' title='bbox 1350 2186 1423 2195; x_wconf 80' lang='lat'>——</span> <span class='ocrx_word' id='word_1_190' title='bbox 1458 2156 1617 2208; x_wconf 88' lang='lat' dir='ltr'>sociis</span> <span class='ocrx_word' id='word_1_191' title='bbox 1653 2155 1873 2222; x_wconf 84' lang='lat' dir='ltr'>adgres-</span> 
     </span>
     <span class='ocr_line' id='line_1_28' title="bbox 206 2223 1872 2295; baseline 0 -20"><span class='ocrx_word' id='word_1_192' title='bbox 206 2242 294 2276; x_wconf 85' lang='lat' dir='ltr'>sus</span> <span class='ocrx_word' id='word_1_193' title='bbox 333 2226 436 2276; x_wconf 84' lang='lat' dir='ltr'>est!</span> <span class='ocrx_word' id='word_1_194' title='bbox 476 2225 590 2294; x_wconf 88' lang='lat' dir='ltr'>ipse</span> <span class='ocrx_word' id='word_1_195' title='bbox 612 2227 898 2295; x_wconf 83' lang='lat' dir='ltr'>patricius3</span> <span class='ocrx_word' id='word_1_196' title='bbox 937 2224 1035 2277; x_wconf 89' lang='lat' dir='ltr'>sed</span> <span class='ocrx_word' id='word_1_197' title='bbox 1063 2224 1165 2277; x_wconf 90' lang='lat' dir='ltr'>hoc</span> <span class='ocrx_word' id='word_1_198' title='bbox 1196 2225 1372 2275; x_wconf 87' lang='lat' dir='ltr'>minus</span> <span class='ocrx_word' id='word_1_199' title='bbox 1396 2232 1501 2276; x_wconf 89' lang='lat' dir='ltr'>est:</span> <span class='ocrx_word' id='word_1_200' title='bbox 1542 2223 1709 2291; x_wconf 89' lang='lat' dir='ltr'>Curii,</span> <span class='ocrx_word' id='word_1_201' title='bbox 1743 2223 1872 2277; x_wconf 88' lang='lat' dir='ltr'>Por-</span> 
     </span>
     <span class='ocr_line' id='line_1_29' title="bbox 205 2292 1872 2363; baseline 0 -19"><span class='ocrx_word' id='word_1_202' title='bbox 205 2295 298 2359; x_wconf 89' lang='lat' dir='ltr'>cii,</span> <span class='ocrx_word' id='word_1_203' title='bbox 339 2292 547 2360; x_wconf 83' lang='lat' dir='ltr'>Sullae,</span> <span class='ocrx_word' id='word_1_204' title='bbox 600 2293 852 2363; x_wconf 82' lang='lat' dir='ltr'>Cethegi,</span> <span class='ocrx_word' id='word_1_205' title='bbox 888 2294 1166 2359; x_wconf 87' lang='lat' dir='ltr'>Autronii,</span> <span class='ocrx_word' id='word_1_206' title='bbox 1198 2292 1500 2362; x_wconf 86' lang='lat' dir='ltr'>Varguntei</span> <span class='ocrx_word' id='word_1_207' title='bbox 1534 2300 1588 2345; x_wconf 89' lang='lat' dir='ltr'>at</span> <span class='ocrx_word' id='word_1_208' title='bbox 1625 2311 1693 2345; x_wconf 90' lang='lat' dir='ltr'>ue</span> <span class='ocrx_word' id='word_1_209' title='bbox 1730 2293 1872 2344; x_wconf 93' lang='lat' dir='ltr'>Lon-</span> 
     </span>
     <span class='ocr_line' id='line_1_30' title="bbox 203 2362 1870 2433; baseline 0.001 -21"><span class='ocrx_word' id='word_1_210' title='bbox 203 2363 344 2430; x_wconf 89' lang='lat' dir='ltr'>gini,</span> <span class='ocrx_word' id='word_1_211' title='bbox 381 2380 517 2431; x_wconf 91' lang='lat' dir='ltr'>quae</span> <span class='ocrx_word' id='word_1_212' title='bbox 553 2362 817 2415; x_wconf 76' lang='lat' dir='ltr'>familiae!</span> <span class='ocrx_word' id='word_1_213' title='bbox 868 2381 1005 2433; x_wconf 89' lang='lat' dir='ltr'>quae</span> <span class='ocrx_word' id='word_1_214' title='bbox 1035 2370 1251 2414; x_wconf 89' lang='lat' dir='ltr'>senatus</span> <span class='ocrx_word' id='word_1_215' title='bbox 1290 2363 1558 2431; x_wconf 77' lang='lat' dir='ltr'>insignia!</span> <span class='ocrx_word' id='word_1_216' title='bbox 1658 2362 1870 2414; x_wconf 81' lang='lat' dir='ltr'>entulus</span> 
     </span>
     <span class='ocr_line' id='line_1_31' title="bbox 205 2431 1928 2500; baseline -0.002 -18"><span class='ocrx_word' id='word_1_217' title='bbox 205 2449 416 2500; x_wconf 90' lang='lat' dir='ltr'>quoque</span> <span class='ocrx_word' id='word_1_218' title='bbox 460 2438 574 2483; x_wconf 89' lang='lat' dir='ltr'>tum</span> <span class='ocrx_word' id='word_1_219' title='bbox 616 2449 737 2484; x_wconf 90' lang='lat' dir='ltr'>cum</span> <span class='ocrx_word' id='word_1_220' title='bbox 781 2433 1015 2484; x_wconf 86' lang='lat' dir='ltr'>maxime</span> <span class='ocrx_word' id='word_1_221' title='bbox 1049 2439 1282 2500; x_wconf 88' lang='lat' dir='ltr'>praetor.</span> <span class='ocrx_word' id='word_1_222' title='bbox 1356 2431 1455 2485; x_wconf 88' lang='lat' dir='ltr'>hos</span> <span class='ocrx_word' id='word_1_223' title='bbox 1495 2433 1666 2485; x_wconf 88' lang='lat' dir='ltr'>omnis</span> <span class='ocrx_word' id='word_1_224' title='bbox 1702 2435 1868 2483; x_wconf 89' lang='lat' dir='ltr'>inma-</span> <span class='ocrx_word' id='word_1_225' title='bbox 1885 2447 1928 2479; x_wconf 84' lang='lat'>30</span> 
     </span>
     <span class='ocr_line' id='line_1_32' title="bbox 161 2499 1870 2569; baseline 0 -19"><span class='ocrx_word' id='word_1_226' title='bbox 161 2501 417 2551; x_wconf 80' lang='lat' dir='ltr'>4nissimi</span> <span class='ocrx_word' id='word_1_227' title='bbox 451 2499 709 2553; x_wconf 88' lang='lat' dir='ltr'>facinoris</span> <span class='ocrx_word' id='word_1_228' title='bbox 748 2502 1005 2553; x_wconf 86' lang='lat' dir='ltr'>satellites</span> <span class='ocrx_word' id='word_1_229' title='bbox 1033 2500 1236 2552; x_wconf 87' lang='lat' dir='ltr'>habuit.</span> <span class='ocrx_word' id='word_1_230' title='bbox 1288 2501 1532 2554; x_wconf 89' lang='lat' dir='ltr'>additum</span> <span class='ocrx_word' id='word_1_231' title='bbox 1567 2508 1654 2561; x_wconf 51' lang='lat' dir='ltr'>est,</span> <span class='ocrx_word' id='word_1_232' title='bbox 1673 2501 1870 2569; x_wconf 88' lang='lat' dir='ltr'>pignus</span> 
     </span>
     <span class='ocr_line' id='line_1_33' title="bbox 206 2570 1870 2640; baseline -0.001 -20"><span class='ocrx_word' id='word_1_233' title='bbox 206 2570 590 2622; x_wconf 87' lang='lat' dir='ltr'>coniurationis</span> <span class='ocrx_word' id='word_1_234' title='bbox 626 2571 846 2639; x_wconf 87' lang='lat' dir='ltr'>sanguis</span> <span class='ocrx_word' id='word_1_235' title='bbox 869 2570 1148 2636; x_wconf 79' lang='lat' dir='ltr'>humanUS,</span> <span class='ocrx_word' id='word_1_236' title='bbox 1189 2588 1347 2640; x_wconf 90' lang='lat' dir='ltr'>quem</span> <span class='ocrx_word' id='word_1_237' title='bbox 1383 2570 1753 2623; x_wconf 87' lang='lat' dir='ltr'>circumlatum</span> <span class='ocrx_word' id='word_1_238' title='bbox 1779 2586 1870 2637; x_wconf 90' lang='lat' dir='ltr'>pa-</span> 
     </span>
     <span class='ocr_line' id='line_1_34' title="bbox 204 2638 1869 2708; baseline 0 -19"><span class='ocrx_word' id='word_1_239' title='bbox 204 2640 332 2690; x_wconf 89' lang='lat' dir='ltr'>teris</span> <span class='ocrx_word' id='word_1_240' title='bbox 369 2638 583 2690; x_wconf 89' lang='lat' dir='ltr'>bibere:</span> <span class='ocrx_word' id='word_1_241' title='bbox 634 2658 895 2691; x_wconf 90' lang='lat' dir='ltr'>summum</span> <span class='ocrx_word' id='word_1_242' title='bbox 940 2639 1092 2690; x_wconf 88' lang='lat' dir='ltr'>nefas</span> <span class='ocrx_word' id='word_1_243' title='bbox 1104 2678 1118 2705; x_wconf 96' lang='lat'>,</span> <span class='ocrx_word' id='word_1_244' title='bbox 1165 2641 1223 2690; x_wconf 92' lang='lat' dir='ltr'>ni</span> <span class='ocrx_word' id='word_1_245' title='bbox 1268 2639 1497 2708; x_wconf 87' lang='lat' dir='ltr'>amplius</span> <span class='ocrx_word' id='word_1_246' title='bbox 1537 2646 1702 2705; x_wconf 89' lang='lat' dir='ltr'>esset,</span> <span class='ocrx_word' id='word_1_247' title='bbox 1749 2656 1869 2707; x_wconf 89' lang='lat' dir='ltr'>pro-</span> 
     </span>
     <span class='ocr_line' id='line_1_35' title="bbox 163 2708 1867 2778; baseline 0.001 -22"><span class='ocrx_word' id='word_1_248' title='bbox 163 2715 323 2775; x_wconf 80' lang='lat' dir='ltr'>5pter</span> <span class='ocrx_word' id='word_1_249' title='bbox 371 2708 515 2777; x_wconf 90' lang='lat' dir='ltr'>quod</span> <span class='ocrx_word' id='word_1_250' title='bbox 559 2708 830 2761; x_wconf 88' lang='lat' dir='ltr'>biberunt.</span> <span class='ocrx_word' id='word_1_251' title='bbox 905 2715 1081 2760; x_wconf 89' lang='lat' dir='ltr'>actum</span> <span class='ocrx_word' id='word_1_252' title='bbox 1123 2716 1238 2760; x_wconf 84' lang='lat' dir='ltr'>erat</span> <span class='ocrx_word' id='word_1_253' title='bbox 1284 2708 1349 2760; x_wconf 89' lang='lat' dir='ltr'>de</span> <span class='ocrx_word' id='word_1_254' title='bbox 1380 2708 1738 2778; x_wconf 89' lang='lat' dir='ltr'>pulcherrimo</span> <span class='ocrx_word' id='word_1_255' title='bbox 1773 2708 1867 2757; x_wconf 90' lang='lat' dir='ltr'>im-</span> 
     </span>
     <span class='ocr_line' id='line_1_36' title="bbox 203 2776 1922 2843; baseline -0.001 -17"><span class='ocrx_word' id='word_1_256' title='bbox 203 2777 378 2843; x_wconf 91' lang='lat' dir='ltr'>perio,</span> <span class='ocrx_word' id='word_1_257' title='bbox 414 2777 521 2827; x_wconf 87' lang='lat' dir='ltr'>nisi</span> <span class='ocrx_word' id='word_1_258' title='bbox 553 2778 647 2828; x_wconf 89' lang='lat' dir='ltr'>illa</span> <span class='ocrx_word' id='word_1_259' title='bbox 682 2778 979 2829; x_wconf 88' lang='lat' dir='ltr'>coniuratio</span> <span class='ocrx_word' id='word_1_260' title='bbox 1026 2777 1083 2828; x_wconf 94' lang='lat' dir='ltr'>in</span> <span class='ocrx_word' id='word_1_261' title='bbox 1122 2777 1438 2830; x_wconf 84' lang='lat' dir='ltr'>Ciceronem</span> <span class='ocrx_word' id='word_1_262' title='bbox 1483 2785 1535 2829; x_wconf 90' lang='lat' dir='ltr'>et</span> <span class='ocrx_word' id='word_1_263' title='bbox 1568 2776 1863 2828; x_wconf 89' lang='lat' dir='ltr'>Antonium</span> <span class='ocrx_word' id='word_1_264' title='bbox 1879 2787 1922 2820; x_wconf 77' lang='lat'>35</span> 
     </span>
     <span class='ocr_line' id='line_1_37' title="bbox 206 2845 1865 2916; baseline 0.001 -22"><span class='ocrx_word' id='word_1_265' title='bbox 206 2845 450 2896; x_wconf 88' lang='lat' dir='ltr'>consules</span> <span class='ocrx_word' id='word_1_266' title='bbox 495 2847 799 2913; x_wconf 89' lang='lat' dir='ltr'>incidisset,</span> <span class='ocrx_word' id='word_1_267' title='bbox 848 2864 1073 2916; x_wconf 86' lang='lat' dir='ltr'>quorum</span> <span class='ocrx_word' id='word_1_268' title='bbox 1107 2846 1244 2898; x_wconf 89' lang='lat' dir='ltr'>alter</span> <span class='ocrx_word' id='word_1_269' title='bbox 1279 2846 1543 2898; x_wconf 88' lang='lat' dir='ltr'>industria</span> <span class='ocrx_word' id='word_1_270' title='bbox 1577 2863 1691 2897; x_wconf 90' lang='lat' dir='ltr'>rem</span> <span class='ocrx_word' id='word_1_271' title='bbox 1720 2851 1865 2914; x_wconf 91' lang='lat' dir='ltr'>pate-</span> 
     </span>
     <span class='ocr_line' id='line_1_38' title="bbox 163 2910 1866 2986; baseline 0.001 -23"><span class='ocrx_word' id='word_1_272' title='bbox 163 2910 358 2980; x_wconf 75' lang='lat' dir='ltr'>ssfecit,</span> <span class='ocrx_word' id='word_1_273' title='bbox 408 2914 542 2965; x_wconf 89' lang='lat' dir='ltr'>alter</span> <span class='ocrx_word' id='word_1_274' title='bbox 586 2933 749 2966; x_wconf 89' lang='lat' dir='ltr'>manu</span> <span class='ocrx_word' id='word_1_275' title='bbox 794 2916 1075 2986; x_wconf 86' lang='lat' dir='ltr'>oppressit.</span> <span class='ocrx_word' id='word_1_276' title='bbox 1158 2916 1293 2967; x_wconf 90' lang='lat' dir='ltr'>tanti</span> <span class='ocrx_word' id='word_1_277' title='bbox 1345 2916 1561 2968; x_wconf 85' lang='lat' dir='ltr'>sceleris</span> <span class='ocrx_word' id='word_1_278' title='bbox 1607 2914 1866 2966; x_wconf 83' lang='lat' dir='ltr'>indicium</span> 
     </span>
    </p>
   </div>
  </div>
 </body>
</html>
