<?xml version="1.0" encoding="UTF-8"?>
<!DOCTYPE html PUBLIC "-//W3C//DTD XHTML 1.0 Transitional//EN"
    "http://www.w3.org/TR/xhtml1/DTD/xhtml1-transitional.dtd">
<html xmlns="http://www.w3.org/1999/xhtml" xml:lang="en" lang="en">
 <head>
  <title>
</title>
<meta http-equiv="Content-Type" content="text/html;charset=utf-8" />
  <meta name='ocr-system' content='tesseract 3.04.00' />
  <meta name='ocr-capabilities' content='ocr_page ocr_carea ocr_par ocr_line ocrx_word'/>
</head>
<body>
  <div class='ocr_page' id='page_1' title='image "./epitomaedetitoli00floruoft_0012.png"; bbox 0 0 2020 3168; ppageno 0'>
   <div class='ocr_carea' id='block_1_1' title="bbox 111 164 1205 217">
    <p class='ocr_par' dir='ltr' id='par_1_1' title="bbox 111 164 1205 217">
     <span class='ocr_line' id='line_1_1' title="bbox 111 164 1205 217; baseline 0.001 -3"><span class='ocrx_word' id='word_1_1' title='bbox 111 178 226 215; x_wconf 77' lang='lat' dir='ltr'>vm</span> <span class='ocrx_word' id='word_1_2' title='bbox 858 164 1205 217; x_wconf 77' lang='lat' dir='ltr'>PRAEFATIO.</span> 
     </span>
    </p>
   </div>
   <div class='ocr_carea' id='block_1_2' title="bbox 105 296 1983 2934">
    <p class='ocr_par' dir='ltr' id='par_1_2' title="bbox 105 296 1983 2934">
     <span class='ocr_line' id='line_1_2' title="bbox 113 296 1932 354; baseline 0.003 -14"><span class='ocrx_word' id='word_1_3' title='bbox 113 298 239 343; x_wconf 80' lang='lat' dir='ltr'>seras</span> <span class='ocrx_word' id='word_1_4' title='bbox 276 309 413 353; x_wconf 86' lang='lat' dir='ltr'>quam</span> <span class='ocrx_word' id='word_1_5' title='bbox 460 311 508 354; x_wconf 88' lang='lat' dir='ltr'>p.</span> <span class='ocrx_word' id='word_1_6' title='bbox 547 300 629 351; x_wconf 84' lang='lat'>62,</span> <span class='ocrx_word' id='word_1_7' title='bbox 666 300 718 345; x_wconf 89' lang='lat'>7:</span> <span class='ocrx_word' id='word_1_8' title='bbox 768 298 870 353; x_wconf 87' lang='lat' dir='ltr'>ipsa</span> <span class='ocrx_word' id='word_1_9' title='bbox 912 297 1066 353; x_wconf 81' lang='lat' dir='ltr'>capita</span> <span class='ocrx_word' id='word_1_10' title='bbox 1109 296 1212 340; x_wconf 85' lang='lat' dir='ltr'>belli</span> <span class='ocrx_word' id='word_1_11' title='bbox 1252 296 1501 354; x_wconf 71' lang='lat' dir='ltr'>adyressus</span> <span class='ocrx_word' id='word_1_12' title='bbox 1548 299 1682 343; x_wconf 85' lang='lat' dir='ltr'>urbes</span> <span class='ocrx_word' id='word_1_13' title='bbox 1727 306 1808 345; x_wconf 83' lang='lat' dir='ltr'>ele.</span> <span class='ocrx_word' id='word_1_14' title='bbox 1860 326 1932 334; x_wconf 87' lang='lat'>—-</span> 
     </span>
     <span class='ocr_line' id='line_1_3' title="bbox 112 361 1929 424; baseline 0.001 -11"><span class='ocrx_word' id='word_1_15' title='bbox 112 371 170 413; x_wconf 88' lang='lat'>25</span> <span class='ocrx_word' id='word_1_16' title='bbox 186 401 196 421; x_wconf 91' lang='lat'>‚</span> <span class='ocrx_word' id='word_1_17' title='bbox 217 371 273 413; x_wconf 91' lang='lat'>21</span> <span class='ocrx_word' id='word_1_18' title='bbox 291 365 433 424; x_wconf 83' lang='lat' dir='ltr'>foeda</span> <span class='ocrx_word' id='word_1_19' title='bbox 458 365 589 410; x_wconf 90' lang='lat' dir='ltr'>clade</span> <span class='ocrx_word' id='word_1_20' title='bbox 616 364 651 410; x_wconf 92' lang='grc' dir='ltr'>Ο</span> <span class='ocrx_word' id='word_1_21' title='bbox 673 376 684 409; x_wconf 88' lang='lat'>:</span> <span class='ocrx_word' id='word_1_22' title='bbox 713 365 752 424; x_wconf 80' lang='lat' dir='ltr'>f.</span> <span class='ocrx_word' id='word_1_23' title='bbox 787 361 1084 409; x_wconf 58' lang='lat' dir='ltr'>clades‘BIN.</span> <span class='ocrx_word' id='word_1_24' title='bbox 1159 365 1292 409; x_wconf 85' lang='lat' dir='ltr'>Nunc</span> <span class='ocrx_word' id='word_1_25' title='bbox 1316 361 1474 409; x_wconf 82' lang='lat' dir='ltr'>tamen</span> <span class='ocrx_word' id='word_1_26' title='bbox 1495 367 1632 412; x_wconf 90' lang='lat' dir='ltr'>video</span> <span class='ocrx_word' id='word_1_27' title='bbox 1663 369 1818 414; x_wconf 82' lang='lat' dir='ltr'><em>clades</em></span> <span class='ocrx_word' id='word_1_28' title='bbox 1853 384 1929 415; x_wconf 81' lang='lat' dir='ltr'>re-</span> 
     </span>
     <span class='ocr_line' id='line_1_4' title="bbox 111 432 1928 496; baseline 0.002 -16"><span class='ocrx_word' id='word_1_29' title='bbox 111 435 352 480; x_wconf 88' lang='lat' dir='ltr'>tinendum</span> <span class='ocrx_word' id='word_1_30' title='bbox 373 439 418 478; x_wconf 90' lang='lat' dir='ltr'>et</span> <span class='ocrx_word' id='word_1_31' title='bbox 440 437 614 490; x_wconf 85' lang='lat' dir='ltr'>locum,</span> <span class='ocrx_word' id='word_1_32' title='bbox 651 433 702 478; x_wconf 91' lang='lat' dir='ltr'>id</span> <span class='ocrx_word' id='word_1_33' title='bbox 720 434 846 492; x_wconf 87' lang='lat' dir='ltr'>quod</span> <span class='ocrx_word' id='word_1_34' title='bbox 865 432 1378 489; x_wconf 81' lang='lat' dir='ltr'>monuitWoelfssinus,</span> <span class='ocrx_word' id='word_1_35' title='bbox 1415 434 1482 479; x_wconf 90' lang='lat' dir='ltr'>sic</span> <span class='ocrx_word' id='word_1_36' title='bbox 1508 435 1928 496; x_wconf 70' lang='lat' dir='ltr'>interpungendum</span> 
     </span>
     <span class='ocr_line' id='line_1_5' title="bbox 111 502 1929 564; baseline 0.002 -15"><span class='ocrx_word' id='word_1_37' title='bbox 111 516 250 550; x_wconf 86' lang='lat' dir='ltr'>esse:</span> <span class='ocrx_word' id='word_1_38' title='bbox 279 506 515 550; x_wconf 80' lang='lat' dir='ltr'><strong><em>vincimur.</em></strong></span> <span class='ocrx_word' id='word_1_39' title='bbox 545 503 690 564; x_wconf 79' lang='lat' dir='ltr'>foeda</span> <span class='ocrx_word' id='word_1_40' title='bbox 723 503 878 547; x_wconf 83' lang='lat' dir='ltr'><em>clades</em></span> <span class='ocrx_word' id='word_1_41' title='bbox 895 502 1206 560; x_wconf 75' lang='lat' dir='ltr'><em>Romanisque</em></span> <span class='ocrx_word' id='word_1_42' title='bbox 1225 515 1312 547; x_wconf 83' lang='lat' dir='ltr'><em>usu</em></span> <span class='ocrx_word' id='word_1_43' title='bbox 1329 505 1579 561; x_wconf 73' lang='lat' dir='ltr'>incoynita!</span> <span class='ocrx_word' id='word_1_44' title='bbox 1604 506 1738 552; x_wconf 80' lang='lat' dir='ltr'>¹vimcs</span> <span class='ocrx_word' id='word_1_45' title='bbox 1764 509 1812 551; x_wconf 88' lang='lat' dir='ltr'>in</span> <span class='ocrx_word' id='word_1_46' title='bbox 1828 522 1929 552; x_wconf 52' lang='lat' dir='ltr'>mar</span> 
     </span>
     <span class='ocr_line' id='line_1_6' title="bbox 110 571 1983 628; baseline 0.001 -8"><span class='ocrx_word' id='word_1_47' title='bbox 110 586 200 620; x_wconf 86' lang='lat' dir='ltr'><em>nus</em></span> <span class='ocrx_word' id='word_1_48' title='bbox 217 574 407 619; x_wconf 79' lang='lat' dir='ltr'>hostiam</span> <span class='ocrx_word' id='word_1_49' title='bbox 425 575 543 619; x_wconf 84' lang='lat' dir='ltr'>venit</span> <span class='ocrx_word' id='word_1_50' title='bbox 559 577 647 618; x_wconf 87' lang='lat' dir='ltr'>ete.</span> <span class='ocrx_word' id='word_1_51' title='bbox 680 571 745 619; x_wconf 80' lang='lat' dir='ltr'>Cf.</span> <span class='ocrx_word' id='word_1_52' title='bbox 771 573 911 616; x_wconf 84' lang='lat' dir='ltr'>etiam</span> <span class='ocrx_word' id='word_1_53' title='bbox 937 585 986 628; x_wconf 88' lang='lat' dir='ltr'>p.</span> <span class='ocrx_word' id='word_1_54' title='bbox 1011 575 1083 627; x_wconf 87' lang='lat'>26,</span> <span class='ocrx_word' id='word_1_55' title='bbox 1105 575 1174 617; x_wconf 90' lang='grc'>10.</span> <span class='ocrx_word' id='word_1_56' title='bbox 1194 596 1265 603; x_wconf 84' lang='lat'>—-</span> <span class='ocrx_word' id='word_1_57' title='bbox 1282 576 1353 628; x_wconf 87' lang='lat'>25,</span> <span class='ocrx_word' id='word_1_58' title='bbox 1373 576 1430 620; x_wconf 84' lang='lat'>26</span> <span class='ocrx_word' id='word_1_59' title='bbox 1451 571 1563 617; x_wconf 89' lang='lat' dir='ltr'>Cum</span> <span class='ocrx_word' id='word_1_60' title='bbox 1585 573 1690 620; x_wconf 89' lang='lat' dir='ltr'>cod.</span> <span class='ocrx_word' id='word_1_61' title='bbox 1706 575 1743 620; x_wconf 92' lang='lat' dir='ltr'><strong>B</strong></span> <span class='ocrx_word' id='word_1_62' title='bbox 1762 575 1932 622; x_wconf 73' lang='lat' dir='ltr'>habeat</span> <span class='ocrx_word' id='word_1_63' title='bbox 1979 609 1983 613; x_wconf 62' lang='grc'><strong><em>«</em></strong></span> 
     </span>
     <span class='ocr_line' id='line_1_7' title="bbox 108 638 1953 698; baseline 0.002 -10"><span class='ocrx_word' id='word_1_64' title='bbox 108 655 197 689; x_wconf 84' lang='lat' dir='ltr'>nec</span> <span class='ocrx_word' id='word_1_65' title='bbox 210 638 263 668; x_wconf 62' lang='lat'>*²*</span> <span class='ocrx_word' id='word_1_66' title='bbox 281 644 587 698; x_wconf 81' lang='lat' dir='ltr'><em>commutatio,</em></span> <span class='ocrx_word' id='word_1_67' title='bbox 628 641 808 687; x_wconf 87' lang='lat' dir='ltr'>duabus</span> <span class='ocrx_word' id='word_1_68' title='bbox 855 641 1016 685; x_wconf 84' lang='lat' dir='ltr'>litteris</span> <span class='ocrx_word' id='word_1_69' title='bbox 1071 645 1179 698; x_wconf 85' lang='lat' dir='ltr'>post</span> <span class='ocrx_word' id='word_1_70' title='bbox 1219 653 1302 686; x_wconf 90' lang='lat' dir='ltr'>nec</span> <span class='ocrx_word' id='word_1_71' title='bbox 1343 643 1517 698; x_wconf 86' lang='lat' dir='ltr'>erasis,</span> <span class='ocrx_word' id='word_1_72' title='bbox 1567 643 1697 689; x_wconf 87' lang='lat' dir='ltr'>haud</span> <span class='ocrx_word' id='word_1_73' title='bbox 1729 646 1827 690; x_wconf 87' lang='lat' dir='ltr'>scio</span> <span class='ocrx_word' id='word_1_74' title='bbox 1871 659 1953 694; x_wconf 65' lang='lat' dir='ltr'>an.</span> 
     </span>
     <span class='ocr_line' id='line_1_8' title="bbox 109 710 1930 772; baseline 0.001 -14"><span class='ocrx_word' id='word_1_75' title='bbox 109 713 275 758; x_wconf 85' lang='lat' dir='ltr'>Florus</span> <span class='ocrx_word' id='word_1_76' title='bbox 295 724 404 758; x_wconf 81' lang='lat' dir='ltr'>neve</span> <span class='ocrx_word' id='word_1_77' title='bbox 420 725 580 757; x_wconf 90' lang='lat' dir='ltr'><em>comm.</em></span> <span class='ocrx_word' id='word_1_78' title='bbox 602 712 859 769; x_wconf 73' lang='lat' dir='ltr'>scripserit.</span> <span class='ocrx_word' id='word_1_79' title='bbox 899 710 1044 754; x_wconf 93' lang='lat' dir='ltr'>Paulo</span> <span class='ocrx_word' id='word_1_80' title='bbox 1065 714 1188 767; x_wconf 88' lang='lat' dir='ltr'>post,</span> <span class='ocrx_word' id='word_1_81' title='bbox 1220 711 1296 755; x_wconf 87' lang='lat' dir='ltr'>ubi</span> <span class='ocrx_word' id='word_1_82' title='bbox 1317 711 1375 755; x_wconf 92' lang='lat' dir='ltr'>BI</span> <span class='ocrx_word' id='word_1_83' title='bbox 1393 711 1566 758; x_wconf 87' lang='lat' dir='ltr'>habent</span> <span class='ocrx_word' id='word_1_84' title='bbox 1586 725 1645 758; x_wconf 90' lang='lat' dir='ltr'>ne</span> <span class='ocrx_word' id='word_1_85' title='bbox 1663 716 1873 772; x_wconf 87' lang='lat' dir='ltr'>amplius,</span> <span class='ocrx_word' id='word_1_86' title='bbox 1890 716 1930 760; x_wconf 92' lang='lat' dir='ltr'>N</span> 
     </span>
     <span class='ocr_line' id='line_1_9' title="bbox 109 780 1930 840; baseline 0.002 -14"><span class='ocrx_word' id='word_1_87' title='bbox 109 786 161 827; x_wconf 85' lang='lat' dir='ltr'>ut</span> <span class='ocrx_word' id='word_1_88' title='bbox 178 793 237 827; x_wconf 88' lang='lat' dir='ltr'>ne</span> <span class='ocrx_word' id='word_1_89' title='bbox 255 783 464 839; x_wconf 85' lang='lat' dir='ltr'>amplias,</span> <span class='ocrx_word' id='word_1_90' title='bbox 485 794 605 825; x_wconf 87' lang='lat' dir='ltr'>nunc</span> <span class='ocrx_word' id='word_1_91' title='bbox 619 780 759 825; x_wconf 88' lang='lat' dir='ltr'>video</span> <span class='ocrx_word' id='word_1_92' title='bbox 780 781 1029 831; x_wconf 86' lang='lat' dir='ltr'>lectionem</span> <span class='ocrx_word' id='word_1_93' title='bbox 1043 784 1095 824; x_wconf 85' lang='lat' dir='ltr'>at</span> <span class='ocrx_word' id='word_1_94' title='bbox 1117 792 1203 825; x_wconf 90' lang='lat' dir='ltr'>nec</span> <span class='ocrx_word' id='word_1_95' title='bbox 1226 782 1423 839; x_wconf 83' lang='lat' dir='ltr'>amplius</span> <span class='ocrx_word' id='word_1_96' title='bbox 1442 782 1776 828; x_wconf 81' lang='lat' dir='ltr'>restituendam</span> <span class='ocrx_word' id='word_1_97' title='bbox 1797 797 1930 840; x_wconf 58' lang='lat' dir='ltr'>esse&gt;—;</span> 
     </span>
     <span class='ocr_line' id='line_1_10' title="bbox 111 849 1929 909; baseline 0.002 -14"><span class='ocrx_word' id='word_1_98' title='bbox 111 853 172 896; x_wconf 82' lang='lat' dir='ltr'>cf.</span> <span class='ocrx_word' id='word_1_99' title='bbox 195 852 312 896; x_wconf 80' lang='lat' dir='ltr'>infra</span> <span class='ocrx_word' id='word_1_100' title='bbox 332 851 393 897; x_wconf 90' lang='lat' dir='ltr'>ad</span> <span class='ocrx_word' id='word_1_101' title='bbox 411 865 457 909; x_wconf 88' lang='lat' dir='ltr'>p.</span> <span class='ocrx_word' id='word_1_102' title='bbox 483 854 554 907; x_wconf 92' lang='lat'>68,</span> <span class='ocrx_word' id='word_1_103' title='bbox 576 855 646 898; x_wconf 85' lang='lat'>32.</span> <span class='ocrx_word' id='word_1_104' title='bbox 666 876 735 882; x_wconf 92' lang='lat'>—-</span> <span class='ocrx_word' id='word_1_105' title='bbox 755 854 826 905; x_wconf 92' lang='lat'>26,</span> <span class='ocrx_word' id='word_1_106' title='bbox 851 855 876 897; x_wconf 95' lang='grc'><strong>1</strong></span> <span class='ocrx_word' id='word_1_107' title='bbox 890 849 1059 907; x_wconf 83' lang='lat' dir='ltr'>Appio]</span> <span class='ocrx_word' id='word_1_108' title='bbox 1080 849 1219 893; x_wconf 89' lang='lat' dir='ltr'><em>immo</em></span> <span class='ocrx_word' id='word_1_109' title='bbox 1239 849 1398 895; x_wconf 83' lang='lat' dir='ltr'>Publio</span> <span class='ocrx_word' id='word_1_110' title='bbox 1416 874 1486 883; x_wconf 95' lang='lat'>—-</span> <span class='ocrx_word' id='word_1_111' title='bbox 1507 855 1586 906; x_wconf 88' lang='lat'>26,</span> <span class='ocrx_word' id='word_1_112' title='bbox 1610 858 1640 900; x_wconf 88' lang='lat'><strong>2</strong></span> <span class='ocrx_word' id='word_1_113' title='bbox 1664 853 1722 898; x_wconf 87' lang='lat' dir='ltr'>ab</span> <span class='ocrx_word' id='word_1_114' title='bbox 1739 853 1811 898; x_wconf 78' lang='lat' dir='ltr'>liis</span> <span class='ocrx_word' id='word_1_115' title='bbox 1826 853 1929 899; x_wconf 90' lang='lat' dir='ltr'>BO:</span> 
     </span>
     <span class='ocr_line' id='line_1_11' title="bbox 105 920 1929 979; baseline 0.001 -14"><span class='ocrx_word' id='word_1_116' title='bbox 105 922 173 966; x_wconf 79' lang='lat' dir='ltr'>ibi</span> <span class='ocrx_word' id='word_1_117' title='bbox 189 921 251 966; x_wconf 92' lang='lat' dir='ltr'>IN</span> <span class='ocrx_word' id='word_1_118' title='bbox 264 956 274 975; x_wconf 94' lang='lat'>,</span> <span class='ocrx_word' id='word_1_119' title='bbox 314 935 451 979; x_wconf 89' lang='lat' dir='ltr'>quam</span> <span class='ocrx_word' id='word_1_120' title='bbox 472 922 718 965; x_wconf 84' lang='lat' dir='ltr'>lectionem</span> <span class='ocrx_word' id='word_1_121' title='bbox 740 933 861 965; x_wconf 91' lang='lat' dir='ltr'>nunc</span> <span class='ocrx_word' id='word_1_122' title='bbox 882 920 1116 977; x_wconf 76' lang='lat' dir='ltr'>praefero,</span> <span class='ocrx_word' id='word_1_123' title='bbox 1136 943 1208 950; x_wconf 92' lang='lat'>—</span> <span class='ocrx_word' id='word_1_124' title='bbox 1226 923 1300 975; x_wconf 88' lang='grc'>26,</span> <span class='ocrx_word' id='word_1_125' title='bbox 1323 922 1353 966; x_wconf 83' lang='lat'>4</span> <span class='ocrx_word' id='word_1_126' title='bbox 1370 921 1429 964; x_wconf 88' lang='lat' dir='ltr'>ab</span> <span class='ocrx_word' id='word_1_127' title='bbox 1447 922 1502 965; x_wconf 85' lang='lat' dir='ltr'>iis</span> <span class='ocrx_word' id='word_1_128' title='bbox 1524 921 1595 966; x_wconf 86' lang='lat' dir='ltr'>Ib=</span> <span class='ocrx_word' id='word_1_129' title='bbox 1626 923 1683 967; x_wconf 85' lang='lat' dir='ltr'>ab</span> <span class='ocrx_word' id='word_1_130' title='bbox 1699 922 1771 967; x_wconf 78' lang='lat' dir='ltr'>his</span> <span class='ocrx_word' id='word_1_131' title='bbox 1789 922 1870 968; x_wconf 93' lang='lat' dir='ltr'>BN</span> <span class='ocrx_word' id='word_1_132' title='bbox 1875 922 1929 968; x_wconf 89' lang='lat' dir='ltr'>O.</span> 
     </span>
     <span class='ocr_line' id='line_1_12' title="bbox 111 987 1931 1049; baseline -0.002 -11"><span class='ocrx_word' id='word_1_133' title='bbox 111 1015 182 1022; x_wconf 90' lang='lat'>—</span> <span class='ocrx_word' id='word_1_134' title='bbox 219 995 301 1046; x_wconf 89' lang='lat'>26,</span> <span class='ocrx_word' id='word_1_135' title='bbox 336 995 363 1036; x_wconf 85' lang='lat'><strong>5</strong></span> <span class='ocrx_word' id='word_1_136' title='bbox 394 991 587 1035; x_wconf 86' lang='lat' dir='ltr'>classem</span> <span class='ocrx_word' id='word_1_137' title='bbox 620 992 712 1034; x_wconf 85' lang='lat' dir='ltr'>iam</span> <span class='ocrx_word' id='word_1_138' title='bbox 738 991 786 1034; x_wconf 89' lang='lat' dir='ltr'>in</span> <span class='ocrx_word' id='word_1_139' title='bbox 811 987 976 1048; x_wconf 81' lang='lat' dir='ltr'>Africo</span> <span class='ocrx_word' id='word_1_140' title='bbox 1002 991 1126 1033; x_wconf 89' lang='lat' dir='ltr'>mari</span> <span class='ocrx_word' id='word_1_141' title='bbox 1160 993 1274 1047; x_wconf 83' lang='lat' dir='ltr'>apat</span> <span class='ocrx_word' id='word_1_142' title='bbox 1299 989 1593 1049; x_wconf 70' lang='lat' dir='ltr'>Aeyimarum</span> <span class='ocrx_word' id='word_1_143' title='bbox 1624 992 1817 1037; x_wconf 82' lang='lat' dir='ltr'>hostiam</span> <span class='ocrx_word' id='word_1_144' title='bbox 1844 992 1931 1048; x_wconf 90' lang='lat' dir='ltr'>BI;</span> 
     </span>
     <span class='ocr_line' id='line_1_13' title="bbox 110 1058 1930 1118; baseline -0.001 -12"><span class='ocrx_word' id='word_1_145' title='bbox 110 1061 304 1106; x_wconf 82' lang='lat' dir='ltr'><em>classem</em></span> <span class='ocrx_word' id='word_1_146' title='bbox 340 1060 531 1105; x_wconf 78' lang='lat' dir='ltr'><em>hostium</em></span> <span class='ocrx_word' id='word_1_147' title='bbox 558 1062 606 1104; x_wconf 87' lang='lat' dir='ltr'>in</span> <span class='ocrx_word' id='word_1_148' title='bbox 621 1059 787 1118; x_wconf 81' lang='lat' dir='ltr'>Africo</span> <span class='ocrx_word' id='word_1_149' title='bbox 815 1061 938 1103; x_wconf 86' lang='lat' dir='ltr'>mari</span> <span class='ocrx_word' id='word_1_150' title='bbox 966 1059 1094 1116; x_wconf 86' lang='lat' dir='ltr'>apud</span> <span class='ocrx_word' id='word_1_151' title='bbox 1118 1058 1412 1117; x_wconf 73' lang='lat' dir='ltr'>Aeqimurum</span> <span class='ocrx_word' id='word_1_152' title='bbox 1435 1061 1529 1105; x_wconf 82' lang='lat' dir='ltr'>iam</span> <span class='ocrx_word' id='word_1_153' title='bbox 1553 1062 1619 1117; x_wconf 91' lang='lat' dir='ltr'>N;</span> <span class='ocrx_word' id='word_1_154' title='bbox 1659 1062 1718 1106; x_wconf 89' lang='lat' dir='ltr'>cl.</span> <span class='ocrx_word' id='word_1_155' title='bbox 1740 1061 1930 1107; x_wconf 76' lang='lat' dir='ltr'><em>hostium</em></span> 
     </span>
     <span class='ocr_line' id='line_1_14' title="bbox 109 1127 1934 1188; baseline 0.001 -14"><span class='ocrx_word' id='word_1_156' title='bbox 109 1132 159 1174; x_wconf 82' lang='lat' dir='ltr'>in</span> <span class='ocrx_word' id='word_1_157' title='bbox 178 1130 232 1174; x_wconf 90' lang='grc' dir='ltr'>Α.</span> <span class='ocrx_word' id='word_1_158' title='bbox 263 1132 386 1174; x_wconf 88' lang='lat' dir='ltr'>mari</span> <span class='ocrx_word' id='word_1_159' title='bbox 407 1134 519 1187; x_wconf 82' lang='lat' dir='ltr'>aput</span> <span class='ocrx_word' id='word_1_160' title='bbox 539 1128 832 1187; x_wconf 68' lang='lat' dir='ltr'>Aeyimurum</span> <span class='ocrx_word' id='word_1_161' title='bbox 856 1130 1052 1173; x_wconf 83' lang='lat' dir='ltr'>insulam</span> <span class='ocrx_word' id='word_1_162' title='bbox 1074 1127 1108 1172; x_wconf 93' lang='grc' dir='ltr'><strong>Ο</strong></span> <span class='ocrx_word' id='word_1_163' title='bbox 1131 1142 1192 1172; x_wconf 85' lang='lat' dir='ltr'>ex</span> <span class='ocrx_word' id='word_1_164' title='bbox 1211 1131 1332 1173; x_wconf 88' lang='lat' dir='ltr'>coni.</span> <span class='ocrx_word' id='word_1_165' title='bbox 1352 1130 1559 1188; x_wconf 75' lang='lat' dir='ltr'>Hauptii.</span> <span class='ocrx_word' id='word_1_166' title='bbox 1612 1131 1665 1174; x_wconf 90' lang='lat' dir='ltr'>In</span> <span class='ocrx_word' id='word_1_167' title='bbox 1701 1132 1934 1188; x_wconf 79' lang='lat' dir='ltr'>scriptura</span> 
     </span>
     <span class='ocr_line' id='line_1_15' title="bbox 108 1197 1931 1257; baseline -0.001 -13"><span class='ocrx_word' id='word_1_168' title='bbox 108 1200 304 1245; x_wconf 73' lang='lat' dir='ltr'><em>hostium</em></span> <span class='ocrx_word' id='word_1_169' title='bbox 332 1199 445 1243; x_wconf 82' lang='lat' dir='ltr'>nihil</span> <span class='ocrx_word' id='word_1_170' title='bbox 478 1199 604 1243; x_wconf 86' lang='lat' dir='ltr'>aliud</span> <span class='ocrx_word' id='word_1_171' title='bbox 637 1199 781 1244; x_wconf 85' lang='lat' dir='ltr'>latere</span> <span class='ocrx_word' id='word_1_172' title='bbox 802 1199 892 1242; x_wconf 87' lang='lat' dir='ltr'>nisi</span> <span class='ocrx_word' id='word_1_173' title='bbox 927 1199 1087 1242; x_wconf 85' lang='lat' dir='ltr'><em>ostium</em></span> <span class='ocrx_word' id='word_1_174' title='bbox 1107 1197 1226 1242; x_wconf 88' lang='lat' dir='ltr'>vidit</span> <span class='ocrx_word' id='word_1_175' title='bbox 1253 1198 1620 1257; x_wconf 73' lang='lat' dir='ltr'>MommsenIus,</span> <span class='ocrx_word' id='word_1_176' title='bbox 1650 1205 1699 1244; x_wconf 88' lang='lat' dir='ltr'>ut</span> <span class='ocrx_word' id='word_1_177' title='bbox 1725 1205 1796 1245; x_wconf 90' lang='lat' dir='ltr'>est</span> <span class='ocrx_word' id='word_1_178' title='bbox 1822 1201 1870 1244; x_wconf 89' lang='lat' dir='ltr'>in</span> <span class='ocrx_word' id='word_1_179' title='bbox 1894 1198 1931 1243; x_wconf 92' lang='lat' dir='ltr'>B</span> 
     </span>
     <span class='ocr_line' id='line_1_16' title="bbox 110 1259 1931 1327; baseline 0 -13"><span class='ocrx_word' id='word_1_180' title='bbox 110 1259 303 1315; x_wconf 72' lang='lat' dir='ltr'>hostiam</span> <span class='ocrx_word' id='word_1_181' title='bbox 329 1283 413 1327; x_wconf 92' lang='lat' dir='ltr'>pro</span> <span class='ocrx_word' id='word_1_182' title='bbox 443 1270 601 1313; x_wconf 80' lang='lat' dir='ltr'>ostium</span> <span class='ocrx_word' id='word_1_183' title='bbox 625 1281 734 1325; x_wconf 81' lang='lat' dir='ltr'>pag.</span> <span class='ocrx_word' id='word_1_184' title='bbox 756 1271 827 1322; x_wconf 89' lang='lat'>59,</span> <span class='ocrx_word' id='word_1_185' title='bbox 857 1272 913 1315; x_wconf 85' lang='lat'>25</span> <span class='ocrx_word' id='word_1_186' title='bbox 933 1269 1065 1323; x_wconf 90' lang='lat' dir='ltr'>(item</span> <span class='ocrx_word' id='word_1_187' title='bbox 1085 1267 1133 1311; x_wconf 91' lang='lat' dir='ltr'>in</span> <span class='ocrx_word' id='word_1_188' title='bbox 1154 1267 1194 1312; x_wconf 96' lang='lat' dir='ltr'>N</span> <span class='ocrx_word' id='word_1_189' title='bbox 1211 1267 1259 1312; x_wconf 92' lang='lat' dir='ltr'>h.</span> <span class='ocrx_word' id='word_1_190' title='bbox 1281 1269 1335 1323; x_wconf 91' lang='lat' dir='ltr'>l.)</span> <span class='ocrx_word' id='word_1_191' title='bbox 1357 1273 1401 1312; x_wconf 90' lang='lat' dir='ltr'>et</span> <span class='ocrx_word' id='word_1_192' title='bbox 1417 1282 1464 1326; x_wconf 88' lang='lat' dir='ltr'>p.</span> <span class='ocrx_word' id='word_1_193' title='bbox 1486 1271 1559 1326; x_wconf 85' lang='grc'>87,</span> <span class='ocrx_word' id='word_1_194' title='bbox 1584 1273 1655 1326; x_wconf 85' lang='grc'>18,</span> <span class='ocrx_word' id='word_1_195' title='bbox 1677 1269 1824 1315; x_wconf 75' lang='lat' dir='ltr'>hostia</span> <span class='ocrx_word' id='word_1_196' title='bbox 1843 1283 1931 1327; x_wconf 81' lang='lat' dir='ltr'>pro</span> 
     </span>
     <span class='ocr_line' id='line_1_17' title="bbox 116 1337 1929 1397; baseline 0 -13"><span class='ocrx_word' id='word_1_197' title='bbox 116 1338 240 1384; x_wconf 80' lang='lat' dir='ltr'><em>Ostia</em></span> <span class='ocrx_word' id='word_1_198' title='bbox 268 1353 314 1396; x_wconf 88' lang='lat' dir='ltr'>p.</span> <span class='ocrx_word' id='word_1_199' title='bbox 344 1342 429 1395; x_wconf 81' lang='lat'><strong>75,</strong></span> <span class='ocrx_word' id='word_1_200' title='bbox 460 1342 488 1386; x_wconf 86' lang='lat'><strong>6</strong></span> <span class='ocrx_word' id='word_1_201' title='bbox 513 1342 558 1381; x_wconf 89' lang='lat' dir='ltr'>et</span> <span class='ocrx_word' id='word_1_202' title='bbox 586 1337 754 1382; x_wconf 83' lang='lat' dir='ltr'>similia</span> <span class='ocrx_word' id='word_1_203' title='bbox 791 1338 883 1382; x_wconf 85' lang='lat' dir='ltr'>alia</span> <span class='ocrx_word' id='word_1_204' title='bbox 920 1337 1218 1395; x_wconf 81' lang='lat' dir='ltr'>aspirationis</span> <span class='ocrx_word' id='word_1_205' title='bbox 1251 1338 1494 1395; x_wconf 82' lang='lat' dir='ltr'>exempla3</span> <span class='ocrx_word' id='word_1_206' title='bbox 1529 1353 1576 1383; x_wconf 92' lang='lat' dir='ltr'>v.</span> <span class='ocrx_word' id='word_1_207' title='bbox 1606 1339 1753 1383; x_wconf 87' lang='lat' dir='ltr'>Iahnii</span> <span class='ocrx_word' id='word_1_208' title='bbox 1781 1339 1929 1397; x_wconf 85' lang='lat' dir='ltr'>praef.</span> 
     </span>
     <span class='ocr_line' id='line_1_18' title="bbox 110 1406 1930 1468; baseline 0 -16"><span class='ocrx_word' id='word_1_209' title='bbox 110 1424 158 1468; x_wconf 85' lang='lat' dir='ltr'>p.</span> <span class='ocrx_word' id='word_1_210' title='bbox 196 1408 380 1452; x_wconf 87' lang='lat' dir='ltr'>XXXII.</span> <span class='ocrx_word' id='word_1_211' title='bbox 437 1408 503 1452; x_wconf 92' lang='lat' dir='ltr'>De</span> <span class='ocrx_word' id='word_1_212' title='bbox 529 1422 580 1451; x_wconf 86' lang='lat' dir='ltr'>re</span> <span class='ocrx_word' id='word_1_213' title='bbox 607 1412 761 1451; x_wconf 88' lang='lat' dir='ltr'>autem</span> <span class='ocrx_word' id='word_1_214' title='bbox 789 1409 847 1452; x_wconf 86' lang='lat' dir='ltr'>cf.</span> <span class='ocrx_word' id='word_1_215' title='bbox 875 1408 974 1451; x_wconf 88' lang='lat' dir='ltr'>Liv.</span> <span class='ocrx_word' id='word_1_216' title='bbox 1000 1406 1153 1462; x_wconf 87' lang='lat' dir='ltr'>XXX,</span> <span class='ocrx_word' id='word_1_217' title='bbox 1190 1409 1274 1454; x_wconf 80' lang='lat'>24:</span> <span class='ocrx_word' id='word_1_218' title='bbox 1308 1409 1558 1452; x_wconf 84' lang='lat' dir='ltr'>onerariae</span> <span class='ocrx_word' id='word_1_219' title='bbox 1579 1422 1701 1465; x_wconf 86' lang='lat' dir='ltr'>pars</span> <span class='ocrx_word' id='word_1_220' title='bbox 1726 1411 1930 1454; x_wconf 80' lang='lat' dir='ltr'><em>maxima</em></span> 
     </span>
     <span class='ocr_line' id='line_1_19' title="bbox 111 1476 1932 1536; baseline -0.001 -14"><span class='ocrx_word' id='word_1_221' title='bbox 111 1478 177 1523; x_wconf 85' lang='lat' dir='ltr'>ad</span> <span class='ocrx_word' id='word_1_222' title='bbox 203 1480 494 1536; x_wconf 70' lang='lat' dir='ltr'>Aeyimurum</span> <span class='ocrx_word' id='word_1_223' title='bbox 530 1478 714 1532; x_wconf 83' lang='lat' dir='ltr'>(insula</span> <span class='ocrx_word' id='word_1_224' title='bbox 754 1489 809 1520; x_wconf 91' lang='lat' dir='ltr'>ea</span> <span class='ocrx_word' id='word_1_225' title='bbox 843 1479 1032 1520; x_wconf 84' lang='lat' dir='ltr'><em>sinum</em></span> <span class='ocrx_word' id='word_1_226' title='bbox 1080 1476 1147 1519; x_wconf 85' lang='lat' dir='ltr'>ab</span> <span class='ocrx_word' id='word_1_227' title='bbox 1193 1478 1310 1521; x_wconf 90' lang='lat' dir='ltr'>alto</span> <span class='ocrx_word' id='word_1_228' title='bbox 1345 1477 1595 1530; x_wconf 82' lang='lat' dir='ltr'>claudit,</span> <span class='ocrx_word' id='word_1_229' title='bbox 1642 1480 1688 1522; x_wconf 83' lang='lat' dir='ltr'>in</span> <span class='ocrx_word' id='word_1_230' title='bbox 1724 1493 1812 1536; x_wconf 81' lang='lat' dir='ltr'>quo</span> <span class='ocrx_word' id='word_1_231' title='bbox 1844 1481 1932 1523; x_wconf 83' lang='lat' dir='ltr'>sita</span> 
     </span>
     <span class='ocr_line' id='line_1_20' title="bbox 113 1541 1932 1605; baseline -0.001 -13"><span class='ocrx_word' id='word_1_232' title='bbox 113 1548 340 1605; x_wconf 71' lang='lat' dir='ltr'>Carthayo</span> <span class='ocrx_word' id='word_1_233' title='bbox 366 1552 444 1602; x_wconf 86' lang='lat' dir='ltr'>est,</span> <span class='ocrx_word' id='word_1_234' title='bbox 479 1548 661 1604; x_wconf 73' lang='lat' dir='ltr'>triyinta</span> <span class='ocrx_word' id='word_1_235' title='bbox 680 1546 788 1604; x_wconf 82' lang='lat' dir='ltr'>fere</span> <span class='ocrx_word' id='word_1_236' title='bbox 809 1548 933 1590; x_wconf 86' lang='lat' dir='ltr'>milia</span> <span class='ocrx_word' id='word_1_237' title='bbox 959 1546 1016 1589; x_wconf 88' lang='lat' dir='ltr'>ab</span> <span class='ocrx_word' id='word_1_238' title='bbox 1035 1545 1184 1602; x_wconf 85' lang='lat' dir='ltr'>urbe),</span> <span class='ocrx_word' id='word_1_239' title='bbox 1218 1547 1338 1602; x_wconf 84' lang='lat' dir='ltr'>aliae</span> <span class='ocrx_word' id='word_1_240' title='bbox 1362 1541 1584 1592; x_wconf 82' lang='lat' dir='ltr'>adversus</span> <span class='ocrx_word' id='word_1_241' title='bbox 1601 1547 1759 1591; x_wconf 84' lang='lat' dir='ltr'>urbem</span> <span class='ocrx_word' id='word_1_242' title='bbox 1782 1550 1932 1605; x_wconf 80' lang='lat' dir='ltr'><em>ipsam</em></span> 
     </span>
     <span class='ocr_line' id='line_1_21' title="bbox 111 1614 1932 1674; baseline 0.001 -14"><span class='ocrx_word' id='word_1_243' title='bbox 111 1618 176 1660; x_wconf 79' lang='lat' dir='ltr'>acl</span> <span class='ocrx_word' id='word_1_244' title='bbox 223 1616 407 1662; x_wconf 85' lang='lat' dir='ltr'><em>Calidas</em></span> <span class='ocrx_word' id='word_1_245' title='bbox 439 1617 596 1674; x_wconf 79' lang='lat' dir='ltr'>Aquas</span> <span class='ocrx_word' id='word_1_246' title='bbox 626 1617 803 1659; x_wconf 79' lang='lat' dir='ltr'><em>delatae</em></span> <span class='ocrx_word' id='word_1_247' title='bbox 844 1619 963 1660; x_wconf 84' lang='lat' dir='ltr'>sunt.</span> <span class='ocrx_word' id='word_1_248' title='bbox 1033 1614 1083 1658; x_wconf 90' lang='lat' dir='ltr'>In</span> <span class='ocrx_word' id='word_1_249' title='bbox 1115 1614 1281 1659; x_wconf 88' lang='lat' dir='ltr'>eodem</span> <span class='ocrx_word' id='word_1_250' title='bbox 1311 1629 1455 1660; x_wconf 87' lang='lat' dir='ltr'>versu</span> <span class='ocrx_word' id='word_1_251' title='bbox 1484 1618 1669 1660; x_wconf 84' lang='lat' dir='ltr'>consule</span> <span class='ocrx_word' id='word_1_252' title='bbox 1703 1630 1730 1660; x_wconf 88' lang='lat' dir='ltr'>a</span> <span class='ocrx_word' id='word_1_253' title='bbox 1764 1618 1823 1661; x_wconf 90' lang='lat' dir='ltr'>BI</span> <span class='ocrx_word' id='word_1_254' title='bbox 1853 1619 1932 1662; x_wconf 86' lang='lat' dir='ltr'>ab-</span> 
     </span>
     <span class='ocr_line' id='line_1_22' title="bbox 112 1684 1934 1743; baseline 0.001 -13"><span class='ocrx_word' id='word_1_255' title='bbox 112 1686 421 1731; x_wconf 83' lang='lat' dir='ltr'>esselahnius</span> <span class='ocrx_word' id='word_1_256' title='bbox 438 1691 560 1729; x_wconf 86' lang='lat' dir='ltr'>recte</span> <span class='ocrx_word' id='word_1_257' title='bbox 586 1687 660 1729; x_wconf 87' lang='lat' dir='ltr'>ille</span> <span class='ocrx_word' id='word_1_258' title='bbox 673 1685 859 1742; x_wconf 86' lang='lat' dir='ltr'>quidem</span> <span class='ocrx_word' id='word_1_259' title='bbox 877 1684 1076 1737; x_wconf 78' lang='lat' dir='ltr'>tradidit,</span> <span class='ocrx_word' id='word_1_260' title='bbox 1104 1685 1189 1730; x_wconf 90' lang='lat' dir='ltr'>sed</span> <span class='ocrx_word' id='word_1_261' title='bbox 1214 1690 1284 1730; x_wconf 88' lang='lat' dir='ltr'>est</span> <span class='ocrx_word' id='word_1_262' title='bbox 1305 1685 1934 1743; x_wconf 81' lang='lat' dir='ltr'>ianostButeonerasura,</span> 
     </span>
     <span class='ocr_line' id='line_1_23' title="bbox 110 1755 1928 1815; baseline -0.001 -15"><span class='ocrx_word' id='word_1_263' title='bbox 110 1757 157 1800; x_wconf 85' lang='lat' dir='ltr'>in</span> <span class='ocrx_word' id='word_1_264' title='bbox 188 1769 278 1814; x_wconf 88' lang='lat' dir='ltr'>qua</span> <span class='ocrx_word' id='word_1_265' title='bbox 305 1757 482 1800; x_wconf 76' lang='lat' dir='ltr'>litterae</span> <span class='ocrx_word' id='word_1_266' title='bbox 506 1768 556 1798; x_wconf 86' lang='lat' dir='ltr'><em>cs</em></span> <span class='ocrx_word' id='word_1_267' title='bbox 580 1755 796 1799; x_wconf 86' lang='lat' dir='ltr'>videntur</span> <span class='ocrx_word' id='word_1_268' title='bbox 824 1756 981 1799; x_wconf 84' lang='lat' dir='ltr'>latere.</span> <span class='ocrx_word' id='word_1_269' title='bbox 1045 1755 1187 1799; x_wconf 84' lang='lat' dir='ltr'>Paulo</span> <span class='ocrx_word' id='word_1_270' title='bbox 1208 1760 1314 1812; x_wconf 91' lang='lat' dir='ltr'>post</span> <span class='ocrx_word' id='word_1_271' title='bbox 1336 1768 1498 1799; x_wconf 87' lang='lat' dir='ltr'>veram</span> <span class='ocrx_word' id='word_1_272' title='bbox 1519 1755 1765 1800; x_wconf 88' lang='lat' dir='ltr'>lectionem</span> <span class='ocrx_word' id='word_1_273' title='bbox 1785 1770 1928 1815; x_wconf 80' lang='lat' dir='ltr'>quan—</span> 
     </span>
     <span class='ocr_line' id='line_1_24' title="bbox 108 1824 1967 1884; baseline 0 -14"><span class='ocrx_word' id='word_1_274' title='bbox 108 1830 268 1884; x_wconf 78' lang='lat' dir='ltr'>tusque</span> <span class='ocrx_word' id='word_1_275' title='bbox 304 1824 440 1870; x_wconf 87' lang='lat' dir='ltr'>codd.</span> <span class='ocrx_word' id='word_1_276' title='bbox 462 1824 673 1869; x_wconf 85' lang='lat' dir='ltr'>Iordanis</span> <span class='ocrx_word' id='word_1_277' title='bbox 695 1830 818 1869; x_wconf 87' lang='lat' dir='ltr'>reete</span> <span class='ocrx_word' id='word_1_278' title='bbox 849 1829 1110 1870; x_wconf 83' lang='lat' dir='ltr'>servarunt.</span> <span class='ocrx_word' id='word_1_279' title='bbox 1132 1849 1201 1856; x_wconf 90' lang='lat'>——</span> <span class='ocrx_word' id='word_1_280' title='bbox 1235 1828 1317 1881; x_wconf 88' lang='lat'>26,</span> <span class='ocrx_word' id='word_1_281' title='bbox 1358 1826 1415 1870; x_wconf 88' lang='lat'>37</span> <span class='ocrx_word' id='word_1_282' title='bbox 1442 1824 1691 1882; x_wconf 72' lang='lat' dir='ltr'>rubiyinem</span> <span class='ocrx_word' id='word_1_283' title='bbox 1715 1827 1787 1870; x_wconf 69' lang='lat'>33,</span> <span class='ocrx_word' id='word_1_284' title='bbox 1815 1825 1930 1870; x_wconf 87' lang='lat' dir='ltr'>robi-</span> <span class='ocrx_word' id='word_1_285' title='bbox 1963 1866 1967 1870; x_wconf 87' lang='lat'>.</span> 
     </span>
     <span class='ocr_line' id='line_1_25' title="bbox 106 1893 1936 1954; baseline 0.002 -15"><span class='ocrx_word' id='word_1_286' title='bbox 106 1908 267 1954; x_wconf 73' lang='lat' dir='ltr'>yenem</span> <span class='ocrx_word' id='word_1_287' title='bbox 298 1894 393 1940; x_wconf 91' lang='grc' dir='ltr'>ΝΟ.</span> <span class='ocrx_word' id='word_1_288' title='bbox 432 1917 501 1924; x_wconf 88' lang='lat'><strong>—</strong></span> <span class='ocrx_word' id='word_1_289' title='bbox 537 1897 605 1948; x_wconf 79' lang='grc'>27,</span> <span class='ocrx_word' id='word_1_290' title='bbox 632 1900 662 1941; x_wconf 81' lang='lat'><strong>4</strong></span> <span class='ocrx_word' id='word_1_291' title='bbox 690 1895 887 1952; x_wconf 58' lang='lat' dir='ltr'>Liguras</span> <span class='ocrx_word' id='word_1_292' title='bbox 914 1894 975 1937; x_wconf 90' lang='lat' dir='ltr'>B:</span> <span class='ocrx_word' id='word_1_293' title='bbox 1011 1894 1204 1952; x_wconf 60' lang='lat' dir='ltr'>Ligures</span> <span class='ocrx_word' id='word_1_294' title='bbox 1223 1894 1318 1939; x_wconf 90' lang='grc' dir='ltr'>ΝΟ.</span> <span class='ocrx_word' id='word_1_295' title='bbox 1362 1894 1421 1937; x_wconf 84' lang='lat' dir='ltr'>ef.</span> <span class='ocrx_word' id='word_1_296' title='bbox 1450 1893 1682 1939; x_wconf 84' lang='lat' dir='ltr'><em>Samnitas</em></span> <span class='ocrx_word' id='word_1_297' title='bbox 1700 1910 1746 1953; x_wconf 88' lang='lat' dir='ltr'>p.</span> <span class='ocrx_word' id='word_1_298' title='bbox 1776 1900 1845 1952; x_wconf 81' lang='lat'><strong>15,</strong></span> <span class='ocrx_word' id='word_1_299' title='bbox 1873 1899 1936 1942; x_wconf 87' lang='lat'>30</span> 
     </span>
     <span class='ocr_line' id='line_1_26' title="bbox 111 1963 1930 2020; baseline 0 -10"><span class='ocrx_word' id='word_1_300' title='bbox 111 1971 155 2010; x_wconf 87' lang='lat' dir='ltr'>et</span> <span class='ocrx_word' id='word_1_301' title='bbox 183 1969 258 2018; x_wconf 88' lang='lat'>16,</span> <span class='ocrx_word' id='word_1_302' title='bbox 302 1969 380 2019; x_wconf 81' lang='lat'>103</span> <span class='ocrx_word' id='word_1_303' title='bbox 413 1963 694 2009; x_wconf 85' lang='lat' dir='ltr'>Macedonas</span> <span class='ocrx_word' id='word_1_304' title='bbox 734 1979 778 2020; x_wconf 90' lang='lat' dir='ltr'>p.</span> <span class='ocrx_word' id='word_1_305' title='bbox 812 1968 892 2018; x_wconf 86' lang='lat'>35,</span> <span class='ocrx_word' id='word_1_306' title='bbox 931 1967 1003 2010; x_wconf 86' lang='lat'>33.</span> <span class='ocrx_word' id='word_1_307' title='bbox 1038 1966 1120 2020; x_wconf 86' lang='lat'>40,</span> <span class='ocrx_word' id='word_1_308' title='bbox 1157 1969 1199 2010; x_wconf 92' lang='grc'>1.</span> <span class='ocrx_word' id='word_1_309' title='bbox 1238 1969 1319 2018; x_wconf 87' lang='grc'>52,</span> <span class='ocrx_word' id='word_1_310' title='bbox 1356 1966 1439 2017; x_wconf 85' lang='grc'>23;</span> <span class='ocrx_word' id='word_1_311' title='bbox 1484 1964 1697 2009; x_wconf 78' lang='lat' dir='ltr'><em>Thracas</em></span> <span class='ocrx_word' id='word_1_312' title='bbox 1725 1969 1806 2019; x_wconf 88' lang='lat'>38,</span> <span class='ocrx_word' id='word_1_313' title='bbox 1845 1969 1930 2019; x_wconf 91' lang='lat'>20;</span> 
     </span>
     <span class='ocr_line' id='line_1_27' title="bbox 114 2033 1933 2091; baseline 0 -12"><span class='ocrx_word' id='word_1_314' title='bbox 114 2035 342 2079; x_wconf 81' lang='lat' dir='ltr'>Teutonas</span> <span class='ocrx_word' id='word_1_315' title='bbox 378 2040 457 2089; x_wconf 87' lang='lat'>50,</span> <span class='ocrx_word' id='word_1_316' title='bbox 503 2038 588 2089; x_wconf 83' lang='lat'>33;</span> <span class='ocrx_word' id='word_1_317' title='bbox 643 2033 898 2078; x_wconf 80' lang='lat' dir='ltr'><em>Caledonas</em></span> <span class='ocrx_word' id='word_1_318' title='bbox 933 2037 1014 2085; x_wconf 88' lang='lat'><strong>61,</strong></span> <span class='ocrx_word' id='word_1_319' title='bbox 1052 2035 1134 2088; x_wconf 85' lang='lat'>27;</span> <span class='ocrx_word' id='word_1_320' title='bbox 1177 2033 1416 2091; x_wconf 72' lang='lat' dir='ltr'>Bituriyas</span> <span class='ocrx_word' id='word_1_321' title='bbox 1454 2033 1684 2079; x_wconf 76' lang='lat' dir='ltr'>Car-nutas</span> <span class='ocrx_word' id='word_1_322' title='bbox 1713 2038 1795 2090; x_wconf 91' lang='lat'>61,</span> <span class='ocrx_word' id='word_1_323' title='bbox 1843 2036 1933 2089; x_wconf 12' lang='lat'>34;7</span> 
     </span>
     <span class='ocr_line' id='line_1_28' title="bbox 111 2103 1932 2163; baseline -0.002 -13"><span class='ocrx_word' id='word_1_324' title='bbox 111 2105 320 2150; x_wconf 79' lang='lat' dir='ltr'><em>Senonas</em></span> <span class='ocrx_word' id='word_1_325' title='bbox 355 2106 433 2158; x_wconf 70' lang='lat'><strong>74,</strong></span> <span class='ocrx_word' id='word_1_326' title='bbox 470 2106 552 2158; x_wconf 75' lang='lat'>243</span> <span class='ocrx_word' id='word_1_327' title='bbox 595 2104 756 2149; x_wconf 82' lang='lat' dir='ltr'>Cilicas</span> <span class='ocrx_word' id='word_1_328' title='bbox 790 2106 868 2159; x_wconf 85' lang='lat'>93,</span> <span class='ocrx_word' id='word_1_329' title='bbox 909 2105 967 2149; x_wconf 83' lang='grc'>34</span> <span class='ocrx_word' id='word_1_330' title='bbox 979 2115 991 2157; x_wconf 88' lang='grc'><strong>;</strong></span> <span class='ocrx_word' id='word_1_331' title='bbox 1033 2103 1309 2160; x_wconf 73' lang='lat' dir='ltr'>Autriyonas</span> <span class='ocrx_word' id='word_1_332' title='bbox 1347 2106 1456 2159; x_wconf 90' lang='lat'><strong>103,</strong></span> <span class='ocrx_word' id='word_1_333' title='bbox 1495 2108 1576 2159; x_wconf 81' lang='lat'>123</span> <span class='ocrx_word' id='word_1_334' title='bbox 1619 2116 1932 2163; x_wconf 79' lang='lat' dir='ltr'><em>myoparonas</em></span> 
     </span>
     <span class='ocr_line' id='line_1_29' title="bbox 109 2172 1933 2230; baseline -0.001 -11"><span class='ocrx_word' id='word_1_335' title='bbox 109 2177 182 2229; x_wconf 87' lang='lat'>57,</span> <span class='ocrx_word' id='word_1_336' title='bbox 212 2179 252 2219; x_wconf 92' lang='grc'>1.</span> <span class='ocrx_word' id='word_1_337' title='bbox 274 2198 343 2203; x_wconf 84' lang='lat'>—</span> <span class='ocrx_word' id='word_1_338' title='bbox 364 2175 434 2228; x_wconf 90' lang='grc'>27,</span> <span class='ocrx_word' id='word_1_339' title='bbox 457 2177 511 2219; x_wconf 93' lang='lat'>18</span> <span class='ocrx_word' id='word_1_340' title='bbox 528 2177 729 2217; x_wconf 83' lang='lat' dir='ltr'>umente.-</span> <span class='ocrx_word' id='word_1_341' title='bbox 766 2173 974 2218; x_wconf 77' lang='lat' dir='ltr'>humente</span> <span class='ocrx_word' id='word_1_342' title='bbox 998 2172 1111 2229; x_wconf 80' lang='lat' dir='ltr'>BIp3</span> <span class='ocrx_word' id='word_1_343' title='bbox 1137 2173 1307 2217; x_wconf 84' lang='lat' dir='ltr'>umenti</span> <span class='ocrx_word' id='word_1_344' title='bbox 1328 2172 1426 2217; x_wconf 89' lang='grc' dir='ltr'>ΝΟ.</span> <span class='ocrx_word' id='word_1_345' title='bbox 1465 2197 1537 2203; x_wconf 94' lang='grc'><strong>-</strong></span> <span class='ocrx_word' id='word_1_346' title='bbox 1559 2175 1631 2230; x_wconf 92' lang='grc'>27,</span> <span class='ocrx_word' id='word_1_347' title='bbox 1653 2177 1707 2221; x_wconf 89' lang='grc'>19</span> <span class='ocrx_word' id='word_1_348' title='bbox 1726 2187 1829 2218; x_wconf 86' lang='lat' dir='ltr'><em>cam</em></span> <span class='ocrx_word' id='word_1_349' title='bbox 1848 2175 1933 2219; x_wconf 74' lang='lat' dir='ltr'>vix</span> 
     </span>
     <span class='ocr_line' id='line_1_30' title="bbox 109 2243 1931 2302; baseline 0.001 -16"><span class='ocrx_word' id='word_1_350' title='bbox 109 2244 293 2287; x_wconf 79' lang='lat' dir='ltr'>caluere</span> <span class='ocrx_word' id='word_1_351' title='bbox 319 2243 726 2300; x_wconf 83' lang='lat' dir='ltr'>Bezzenbergerus</span> <span class='ocrx_word' id='word_1_352' title='bbox 766 2248 809 2287; x_wconf 90' lang='lat' dir='ltr'>et</span> <span class='ocrx_word' id='word_1_353' title='bbox 831 2243 1193 2286; x_wconf 89' lang='lat' dir='ltr'>Mommsenius:</span> <span class='ocrx_word' id='word_1_354' title='bbox 1229 2255 1332 2286; x_wconf 85' lang='lat' dir='ltr'><em>cum</em></span> <span class='ocrx_word' id='word_1_355' title='bbox 1366 2255 1476 2286; x_wconf 72' lang='lat' dir='ltr'><em>moa:</em></span> <span class='ocrx_word' id='word_1_356' title='bbox 1503 2243 1690 2288; x_wconf 85' lang='lat' dir='ltr'>caluere</span> <span class='ocrx_word' id='word_1_357' title='bbox 1712 2244 1756 2299; x_wconf 75' lang='lat' dir='ltr'><strong>I,</strong></span> <span class='ocrx_word' id='word_1_358' title='bbox 1794 2257 1931 2302; x_wconf 79' lang='lat' dir='ltr'><em>quam</em></span> 
     </span>
     <span class='ocr_line' id='line_1_31' title="bbox 111 2312 1930 2371; baseline 0.001 -15"><span class='ocrx_word' id='word_1_359' title='bbox 111 2313 253 2371; x_wconf 79' lang='lat' dir='ltr'>(quae</span> <span class='ocrx_word' id='word_1_360' title='bbox 283 2313 345 2366; x_wconf 91' lang='lat' dir='ltr'>N)</span> <span class='ocrx_word' id='word_1_361' title='bbox 370 2325 479 2356; x_wconf 77' lang='lat' dir='ltr'><em>mox</em></span> <span class='ocrx_word' id='word_1_362' title='bbox 500 2314 587 2356; x_wconf 88' lang='lat' dir='ltr'>cal.</span> <span class='ocrx_word' id='word_1_363' title='bbox 610 2313 744 2357; x_wconf 90' lang='grc' dir='ltr'>ΒΝΟ.</span> <span class='ocrx_word' id='word_1_364' title='bbox 776 2338 845 2344; x_wconf 92' lang='grc'>--</span> <span class='ocrx_word' id='word_1_365' title='bbox 873 2314 943 2366; x_wconf 84' lang='grc'>27,</span> <span class='ocrx_word' id='word_1_366' title='bbox 969 2316 1027 2358; x_wconf 87' lang='grc'>20</span> <span class='ocrx_word' id='word_1_367' title='bbox 1045 2312 1148 2367; x_wconf 75' lang='lat' dir='ltr'>leui]</span> <span class='ocrx_word' id='word_1_368' title='bbox 1171 2312 1352 2370; x_wconf 81' lang='lat' dir='ltr'>syllaba</span> <span class='ocrx_word' id='word_1_369' title='bbox 1381 2314 1430 2356; x_wconf 80' lang='lat' dir='ltr'>ui</span> <span class='ocrx_word' id='word_1_370' title='bbox 1452 2312 1498 2355; x_wconf 92' lang='lat' dir='ltr'>in</span> <span class='ocrx_word' id='word_1_371' title='bbox 1521 2313 1558 2356; x_wconf 93' lang='lat' dir='ltr'>B</span> <span class='ocrx_word' id='word_1_372' title='bbox 1588 2317 1660 2357; x_wconf 89' lang='lat' dir='ltr'>est</span> <span class='ocrx_word' id='word_1_373' title='bbox 1678 2314 1725 2357; x_wconf 84' lang='lat' dir='ltr'>ln</span> <span class='ocrx_word' id='word_1_374' title='bbox 1750 2326 1930 2369; x_wconf 85' lang='lat' dir='ltr'>rasura,</span> 
     </span>
     <span class='ocr_line' id='line_1_32' title="bbox 113 2382 1936 2440; baseline 0.002 -17"><span class='ocrx_word' id='word_1_375' title='bbox 113 2387 160 2424; x_wconf 86' lang='lat' dir='ltr'>ut</span> <span class='ocrx_word' id='word_1_376' title='bbox 185 2383 288 2426; x_wconf 84' lang='lat' dir='ltr'>fort.</span> <span class='ocrx_word' id='word_1_377' title='bbox 316 2383 407 2426; x_wconf 89' lang='lat' dir='ltr'>leni</span> <span class='ocrx_word' id='word_1_378' title='bbox 440 2382 734 2426; x_wconf 87' lang='lat' dir='ltr'>scribendum</span> <span class='ocrx_word' id='word_1_379' title='bbox 762 2384 836 2428; x_wconf 86' lang='lat' dir='ltr'>sit.</span> <span class='ocrx_word' id='word_1_380' title='bbox 864 2407 933 2414; x_wconf 93' lang='lat'>—-</span> <span class='ocrx_word' id='word_1_381' title='bbox 968 2383 1039 2438; x_wconf 92' lang='grc'>27,</span> <span class='ocrx_word' id='word_1_382' title='bbox 1070 2386 1128 2428; x_wconf 92' lang='grc'>20</span> <span class='ocrx_word' id='word_1_383' title='bbox 1155 2393 1296 2439; x_wconf 80' lang='lat' dir='ltr'>saepe</span> <span class='ocrx_word' id='word_1_384' title='bbox 1320 2386 1363 2426; x_wconf 91' lang='lat' dir='ltr'>et</span> <span class='ocrx_word' id='word_1_385' title='bbox 1391 2383 1510 2426; x_wconf 87' lang='lat' dir='ltr'>alias</span> <span class='ocrx_word' id='word_1_386' title='bbox 1533 2385 1575 2427; x_wconf 85' lang='lat' dir='ltr'>et</span> <span class='ocrx_word' id='word_1_387' title='bbox 1601 2383 1680 2440; x_wconf 89' lang='lat' dir='ltr'>Ip:</span> <span class='ocrx_word' id='word_1_388' title='bbox 1714 2395 1856 2439; x_wconf 85' lang='lat' dir='ltr'>saepe</span> <span class='ocrx_word' id='word_1_389' title='bbox 1890 2387 1936 2426; x_wconf 82' lang='lat' dir='ltr'>et</span> 
     </span>
     <span class='ocr_line' id='line_1_33' title="bbox 111 2451 1931 2510; baseline 0.001 -15"><span class='ocrx_word' id='word_1_390' title='bbox 111 2452 229 2495; x_wconf 83' lang='lat' dir='ltr'>alias</span> <span class='ocrx_word' id='word_1_391' title='bbox 252 2452 335 2495; x_wconf 88' lang='lat' dir='ltr'>sed</span> <span class='ocrx_word' id='word_1_392' title='bbox 359 2451 462 2506; x_wconf 88' lang='lat' dir='ltr'>BN,</span> <span class='ocrx_word' id='word_1_393' title='bbox 500 2452 609 2496; x_wconf 88' lang='lat' dir='ltr'>item</span> <span class='ocrx_word' id='word_1_394' title='bbox 637 2452 697 2509; x_wconf 90' lang='lat' dir='ltr'>O,</span> <span class='ocrx_word' id='word_1_395' title='bbox 725 2453 809 2496; x_wconf 90' lang='lat' dir='ltr'>sed</span> <span class='ocrx_word' id='word_1_396' title='bbox 838 2452 914 2503; x_wconf 82' lang='lat' dir='ltr'>hic</span> <span class='ocrx_word' id='word_1_397' title='bbox 940 2452 1108 2495; x_wconf 84' lang='lat' dir='ltr'>lacuna</span> <span class='ocrx_word' id='word_1_398' title='bbox 1133 2465 1192 2495; x_wconf 82' lang='lat' dir='ltr'>ex</span> <span class='ocrx_word' id='word_1_399' title='bbox 1214 2452 1397 2509; x_wconf 87' lang='lat' dir='ltr'>Hauptii</span> <span class='ocrx_word' id='word_1_400' title='bbox 1425 2454 1653 2497; x_wconf 87' lang='lat' dir='ltr'>sententia</span> <span class='ocrx_word' id='word_1_401' title='bbox 1680 2456 1786 2510; x_wconf 84' lang='lat' dir='ltr'>post</span> <span class='ocrx_word' id='word_1_402' title='bbox 1812 2453 1931 2496; x_wconf 82' lang='lat' dir='ltr'>alias</span> 
     </span>
     <span class='ocr_line' id='line_1_34' title="bbox 112 2520 1928 2579; baseline 0 -14"><span class='ocrx_word' id='word_1_403' title='bbox 112 2520 389 2579; x_wconf 85' lang='lat' dir='ltr'>significata.</span> <span class='ocrx_word' id='word_1_404' title='bbox 458 2521 611 2565; x_wconf 85' lang='lat' dir='ltr'>Lectio</span> <span class='ocrx_word' id='word_1_405' title='bbox 635 2536 660 2566; x_wconf 90' lang='lat' dir='ltr'>a</span> <span class='ocrx_word' id='word_1_406' title='bbox 686 2522 818 2566; x_wconf 89' lang='lat' dir='ltr'>nobis</span> <span class='ocrx_word' id='word_1_407' title='bbox 849 2526 1037 2579; x_wconf 87' lang='lat' dir='ltr'>recepta</span> <span class='ocrx_word' id='word_1_408' title='bbox 1063 2535 1177 2566; x_wconf 86' lang='lat' dir='ltr'>vera</span> <span class='ocrx_word' id='word_1_409' title='bbox 1206 2521 1416 2577; x_wconf 82' lang='lat' dir='ltr'>videtur3</span> <span class='ocrx_word' id='word_1_410' title='bbox 1456 2536 1563 2567; x_wconf 86' lang='lat' dir='ltr'>nam</span> <span class='ocrx_word' id='word_1_411' title='bbox 1597 2521 1731 2567; x_wconf 79' lang='lat' dir='ltr'>affert</span> <span class='ocrx_word' id='word_1_412' title='bbox 1757 2521 1928 2566; x_wconf 77' lang='lat' dir='ltr'>deiude</span> 
     </span>
     <span class='ocr_line' id='line_1_35' title="bbox 109 2591 1929 2650; baseline 0.001 -16"><span class='ocrx_word' id='word_1_413' title='bbox 109 2591 277 2636; x_wconf 86' lang='lat' dir='ltr'>Florus</span> <span class='ocrx_word' id='word_1_414' title='bbox 303 2591 388 2636; x_wconf 86' lang='lat' dir='ltr'>tria</span> <span class='ocrx_word' id='word_1_415' title='bbox 415 2595 523 2636; x_wconf 87' lang='lat' dir='ltr'>vota</span> <span class='ocrx_word' id='word_1_416' title='bbox 554 2604 579 2634; x_wconf 92' lang='lat' dir='ltr'>a</span> <span class='ocrx_word' id='word_1_417' title='bbox 601 2591 741 2635; x_wconf 85' lang='lat' dir='ltr'>Gallis</span> <span class='ocrx_word' id='word_1_418' title='bbox 771 2591 971 2635; x_wconf 85' lang='lat' dir='ltr'>diversis</span> <span class='ocrx_word' id='word_1_419' title='bbox 1000 2591 1281 2649; x_wconf 81' lang='lat' dir='ltr'>temporibus</span> <span class='ocrx_word' id='word_1_420' title='bbox 1309 2593 1453 2649; x_wconf 83' lang='lat' dir='ltr'>facta,</span> <span class='ocrx_word' id='word_1_421' title='bbox 1494 2605 1611 2650; x_wconf 91' lang='lat' dir='ltr'>quae</span> <span class='ocrx_word' id='word_1_422' title='bbox 1642 2605 1745 2636; x_wconf 88' lang='lat' dir='ltr'>cum</span> <span class='ocrx_word' id='word_1_423' title='bbox 1772 2592 1929 2635; x_wconf 87' lang='lat' dir='ltr'>omnia</span> 
     </span>
     <span class='ocr_line' id='line_1_36' title="bbox 112 2659 1924 2719; baseline 0.001 -16"><span class='ocrx_word' id='word_1_424' title='bbox 112 2659 175 2704; x_wconf 84' lang='lat' dir='ltr'>ad</span> <span class='ocrx_word' id='word_1_425' title='bbox 194 2660 316 2704; x_wconf 88' lang='lat' dir='ltr'>idem</span> <span class='ocrx_word' id='word_1_426' title='bbox 339 2663 613 2718; x_wconf 81' lang='lat' dir='ltr'>spectarent,</span> <span class='ocrx_word' id='word_1_427' title='bbox 636 2663 807 2718; x_wconf 85' lang='lat' dir='ltr'>pariter</span> <span class='ocrx_word' id='word_1_428' title='bbox 823 2674 959 2705; x_wconf 88' lang='lat' dir='ltr'>secus</span> <span class='ocrx_word' id='word_1_429' title='bbox 982 2665 1399 2718; x_wconf 63' lang='lat' dir='ltr'>cesserant—28,</span> <span class='ocrx_word' id='word_1_430' title='bbox 1422 2666 1450 2708; x_wconf 91' lang='lat'><strong>2</strong></span> <span class='ocrx_word' id='word_1_431' title='bbox 1472 2663 1724 2719; x_wconf 85' lang='lat' dir='ltr'>imperavit,</span> <span class='ocrx_word' id='word_1_432' title='bbox 1747 2661 1872 2718; x_wconf 91' lang='lat' dir='ltr'>quod</span> <span class='ocrx_word' id='word_1_433' title='bbox 1890 2661 1924 2705; x_wconf 92' lang='grc' dir='ltr'><strong>Ο</strong></span> 
     </span>
     <span class='ocr_line' id='line_1_37' title="bbox 114 2728 1925 2791; baseline 0.002 -20"><span class='ocrx_word' id='word_1_434' title='bbox 114 2742 173 2772; x_wconf 86' lang='lat' dir='ltr'>ex</span> <span class='ocrx_word' id='word_1_435' title='bbox 198 2730 233 2773; x_wconf 92' lang='lat' dir='ltr'>B</span> <span class='ocrx_word' id='word_1_436' title='bbox 258 2731 474 2787; x_wconf 83' lang='lat' dir='ltr'>restituit,</span> <span class='ocrx_word' id='word_1_437' title='bbox 506 2730 675 2788; x_wconf 86' lang='lat' dir='ltr'>legitur</span> <span class='ocrx_word' id='word_1_438' title='bbox 700 2732 833 2775; x_wconf 83' lang='lat' dir='ltr'>etiarn</span> <span class='ocrx_word' id='word_1_439' title='bbox 856 2732 903 2774; x_wconf 91' lang='lat' dir='ltr'>in</span> <span class='ocrx_word' id='word_1_440' title='bbox 922 2731 1019 2788; x_wconf 89' lang='lat' dir='ltr'>Ibp.</span> <span class='ocrx_word' id='word_1_441' title='bbox 1054 2755 1114 2762; x_wconf 90' lang='lat'>—-</span> <span class='ocrx_word' id='word_1_442' title='bbox 1144 2736 1215 2786; x_wconf 87' lang='lat'>28,</span> <span class='ocrx_word' id='word_1_443' title='bbox 1242 2735 1292 2779; x_wconf 91' lang='grc'>17</span> <span class='ocrx_word' id='word_1_444' title='bbox 1313 2736 1553 2790; x_wconf 76' lang='lat' dir='ltr'>exceptam</span> <span class='ocrx_word' id='word_1_445' title='bbox 1576 2728 1791 2791; x_wconf 85' lang='lat' dir='ltr'>Annibal]</span> <span class='ocrx_word' id='word_1_446' title='bbox 1822 2732 1867 2774; x_wconf 81' lang='lat' dir='ltr'>in</span> <span class='ocrx_word' id='word_1_447' title='bbox 1889 2730 1925 2774; x_wconf 91' lang='lat' dir='ltr'><strong>B</strong></span> 
     </span>
     <span class='ocr_line' id='line_1_38' title="bbox 111 2798 1926 2859; baseline 0.001 -18"><span class='ocrx_word' id='word_1_448' title='bbox 111 2798 188 2842; x_wconf 92' lang='lat' dir='ltr'>hic</span> <span class='ocrx_word' id='word_1_449' title='bbox 218 2805 287 2844; x_wconf 86' lang='lat' dir='ltr'>est</span> <span class='ocrx_word' id='word_1_450' title='bbox 322 2801 551 2857; x_wconf 86' lang='lat' dir='ltr'>scissura,</span> <span class='ocrx_word' id='word_1_451' title='bbox 591 2815 679 2858; x_wconf 87' lang='lat' dir='ltr'>qua</span> <span class='ocrx_word' id='word_1_452' title='bbox 702 2801 1027 2846; x_wconf 86' lang='lat' dir='ltr'>desiderantur</span> <span class='ocrx_word' id='word_1_453' title='bbox 1057 2801 1233 2845; x_wconf 85' lang='lat' dir='ltr'>litterae</span> <span class='ocrx_word' id='word_1_454' title='bbox 1253 2815 1296 2845; x_wconf 92' lang='lat' dir='ltr'><em>m</em></span> <span class='ocrx_word' id='word_1_455' title='bbox 1323 2803 1457 2858; x_wconf 85' lang='lat' dir='ltr'>anni,</span> <span class='ocrx_word' id='word_1_456' title='bbox 1491 2801 1616 2859; x_wconf 90' lang='lat' dir='ltr'>quod</span> <span class='ocrx_word' id='word_1_457' title='bbox 1642 2800 1926 2845; x_wconf 80' lang='lat' dir='ltr'>monendum:</span> 
     </span>
     <span class='ocr_line' id='line_1_39' title="bbox 106 2869 1935 2934; baseline 0 -21"><span class='ocrx_word' id='word_1_458' title='bbox 106 2869 300 2927; x_wconf 80' lang='lat' dir='ltr'>putavi,</span> <span class='ocrx_word' id='word_1_459' title='bbox 331 2885 387 2915; x_wconf 91' lang='lat' dir='ltr'>ne</span> <span class='ocrx_word' id='word_1_460' title='bbox 410 2870 559 2918; x_wconf 85' lang='lat' dir='ltr'>codici</span> <span class='ocrx_word' id='word_1_461' title='bbox 587 2872 756 2932; x_wconf 81' lang='lat' dir='ltr'>optimo</span> <span class='ocrx_word' id='word_1_462' title='bbox 778 2871 853 2917; x_wconf 87' lang='lat' dir='ltr'>hio</span> <span class='ocrx_word' id='word_1_463' title='bbox 877 2883 959 2915; x_wconf 85' lang='lat' dir='ltr'>sua</span> <span class='ocrx_word' id='word_1_464' title='bbox 979 2869 1098 2915; x_wconf 87' lang='lat' dir='ltr'>fides</span> <span class='ocrx_word' id='word_1_465' title='bbox 1122 2870 1387 2934; x_wconf 78' lang='lat' dir='ltr'>derogetur.</span> <span class='ocrx_word' id='word_1_466' title='bbox 1424 2896 1480 2904; x_wconf 89' lang='lat'>-—</span> <span class='ocrx_word' id='word_1_467' title='bbox 1516 2875 1586 2931; x_wconf 85' lang='lat'>28,</span> <span class='ocrx_word' id='word_1_468' title='bbox 1607 2875 1664 2919; x_wconf 86' lang='lat'>23</span> <span class='ocrx_word' id='word_1_469' title='bbox 1685 2869 1935 2929; x_wconf 63' lang='lat' dir='ltr'>Saguntini</span> 
     </span>
    </p>
   </div>
  </div>
 </body>
</html>
