2020 3168
634 237 709 303 11,
739 239 959 289 14—16
981 237 1106 309 [1111,
1127 238 1326 309 3—-6].
1736 241 1799 290 91

128 373 371 444 'quidem
417 375 577 426 etiam
626 392 788 426 manu
820 374 1044 444 pulcher
1079 376 1342 455 apparuit.
1394 391 1519 426 nam
1554 381 1805 426 cruentus

155 453 209 493 et
243 443 456 495 saucius
495 443 731 513 aquilam
763 461 797 494 a
829 445 1090 496 moriente
1117 443 1378 513 signifero
1411 444 1666 496 traditam
1693 445 1805 495 suis

151 512 351 563 umeris
386 513 443 564 in
477 519 653 564 castra
687 512 974 565 referebat.

477 620 632 674 XVI.
685 619 992 672 BELLVM
1028 618 1478 673 PERVSINVM.

41 779 45 783 ,
96 745 117 775 5
290 717 535 770 Alterum
552 716 753 768 bellum
772 717 1061 768 concitavit
1078 733 1331 786 agrorum
1352 716 1570 783 divisio,
1603 715 1747 786 quod
1761 728 1869 783 1111,
1890 717 1922 769 5

156 786 357 839 Caesar
382 786 654 838 veteranis
681 786 849 865 patris
876 787 1109 854 pretium
1136 784 1358 836 militiae
1389 784 1641 836 solverat.
1674 802 1807 835 86111-
1825 802 1851 841 2

144 873 248 925 fiper
308 855 446 907 alias
495 855 721 906 Antomi
767 854 1061 923 pessimum
1117 855 1395 921 ingenium
1448 853 1646 905 Fulvia
1695 860 1810 904 tum

151 924 333 993 gladio
382 924 557 976 cincta
592 922 767 975 virilis
803 921 1028 974 militiae
1065 939 1204 975 uxor
1240 922 1497 991 agitabat.
1553 939 1682 991 ergo
1719 922 1808 974 de·
1849 961 1859 966 -

188 993 333 1058 ulsos
382 994 528 1062 agris
580 992 799 1045 colonos
848 992 1121 1044 incitando
1174 992 1370 1044 iterum
1424 1009 1573 1044 arma
1624 992 1806 1044 cierat.

100 1086 142 1119 ιο
192 1063 244 1114 ic
284 1080 414 1115 vero
449 1063 557 1114 iam
591 1079 700 1114 non
734 1062 959 1131 privatis
972 1101 986 1128 ‚
1038 1060 1135 1114 sed
1168 1062 1331 1113 totius
1370 1068 1586 1113 senatus
1623 1061 1850 1115 suffra-3

153 1133 257 1201 giis
310 1132 603 1196 iudicatum
647 1131 858 1183 hostem
890 1130 1091 1183 Caesar
1138 1131 1427 1199 adgressus
1467 1132 1610 1183 intra
1644 1130 1809 1182 Peru-

155 1202 266 1253 siae
300 1218 479 1253 muros
515 1200 725 1269 redegit
764 1199 1107 1270 conpulitque
1147 1200 1216 1251 ad
1253 1207 1493 1252 extrema
1522 1200 1809 1253 deditionis

153 1272 298 1340 turpi
337 1277 390 1323 et
424 1269 559 1322 nihil
593 1287 702 1323 non
735 1277 957 1340 experta
996 1269 1153 1321 fame.

693 1378 1271 1433 TRIVMVIRATVS.

100 1506 142 1540 15
297 1479 434 1532 Cum
453 1479 596 1531 solus
617 1481 776 1531 etiam
794 1480 979 1548 gravis
1006 1481 1151 1549 paci,
1189 1480 1375 1548 gravis
1405 1481 1485 1531 rei
1510 1479 1759 1548 publicae
1773 1481 1923 1546 1111,6

157 1555 297 1601 esset
321 1549 614 1616 Antonius,
652 1550 806 1619 quasi
839 1550 981 1617 ignis
1017 1549 1266 1600 incendio
1296 1548 1535 1618 Lepidus
1566 1550 1807 1600 accessit.

155 1618 246 1651 *³¹⁶*
284 1619 372 1670 cui
408 1624 594 1670 contra
633 1618 765 1671 duos
805 1618 1076 1685 consules,
1116 1618 1249 1670 duos
1285 1618 1552 1669 exercitus
1589 1635 1810 1669 necesse

154 1687 258 1740 fuit
283 1688 470 1739 venire
498 1688 555 1739 in
583 1688 942 1740 cruentissimi
969 1687 1202 1740 foederis
1232 1688 1557 1739 societatem.
1598 1687 1812 1738 diversa

157 1757 392 1809 omnium
426 1764 576 1823 vota,
613 1763 672 1808 ut
700 1758 935 1826 ingenia.
972 1756 1239 1826 Lepidum
1264 1756 1573 1808 divitiarum
1599 1757 1808 1825 cupid0‚
1829 1771 1855 1809 2

97 1848 141 1881 20
160 1844 384 1897 quarum
419 1843 442 1875 8
485 1843 540 1876 68
579 1833 693 1877 erat
727 1844 798 1878 ex
833 1825 1235 1895 perturbatione
1268 1827 1348 1877 rei
1384 1825 1656 1895 publicae,
1701 1826 1810 1876 An-

155 1897 360 1948 tonium
402 1912 440 1945 u
460 1896 660 1946 tionem
706 1895 772 1947 de
816 1895 898 1946 his
947 1900 1172 1947 sumendi
1209 1897 1301 1964 qui
1335 1913 1391 1946 se
1431 1895 1637 1946 hostem
1676 1894 1811 1946 iudi-

156 1970 391 2029 cassent,
430 1962 719 2015 Caesarem
754 1964 952 2015 inultus
989 1971 1142 2034 pater
1175 1971 1227 2015 et
1263 1963 1510 2015 manibus
1545 1965 1659 2015 eius
1691 1981 1810 2033 gra-

154 2052 250 2086 ves
286 2031 506 2084 Cassius
543 2040 595 2084 et
631 2033 830 2084 Brutus
867 2032 1159 2101 agitabant.
1200 2034 1257 2084 in
1292 2033 1395 2085 hoc
1431 2033 1580 2084 velut
1615 2033 1854 2086 foedus3

153 2120 264 2173 pax
313 2102 454 2153 inter
505 2108 614 2153 tres
668 2102 829 2154 duces
875 2104 1208 2171 conponitur.
1275 2103 1420 2171 apud
1469 2101 1812 2154 Confluentes

98 2189 141 2220 25
155 2174 295 2224 inter
338 2170 618 2222 Perusiam
666 2179 718 2222 et
760 2171 1060 2223 Bononiam
1105 2172 1336 2239 iungunt
1381 2189 1604 2237 manus3
1662 2188 1812 2222 exer-

156 2242 291 2292 citus
334 2240 686 2292 consalutant.
724 2240 872 2292 nullo
906 2240 1048 2292 bono
1083 2258 1230 2292 more
1264 2241 1632 2291 triumviratus
1663 2241 1812 2291 inva-

156 2310 323 2374 ditur,
361 2326 721 2380 oppressaque
754 2311 916 2361 armis
943 2328 1001 2361 re
1027 2309 1245 2379 publica
1273 2309 1413 2360 redit
1444 2309 1665 2362 Sullana
1692 2326 1812 2378 pro-

156 2378 374 2448 scriptio
384 2418 398 2444 ‚
451 2380 600 2430 cuius
651 2380 902 2432 atrocitas
955 2379 1089 2430 nihil
1134 2380 1400 2447 insignius
1447 2378 1609 2430 habet
1655 2395 1814 2448 quam

154 2465 435 2499 numerum
481 2454 692 2499 centum
739 2456 791 2500 et
837 2449 1193 2529 quadraginta
1247 2455 1569 2500 senatorum.
1635 2448 1810 2499 exitus
1829 2453 1855 2489 4

99 2535 141 2568 30
157 2516 303 2569 foedi
314 2556 327 2583 ,
370 2524 575 2583 truccS,
623 2517 956 2569 miserabiles
992 2525 1103 2570 toto
1137 2525 1402 2569 terrarum
1436 2517 1566 2569 orbe
1605 2517 1813 2584 fugien-

155 2588 304 2638 tium.
360 2587 478 2656 quis
513 2604 609 2655 pro
644 2586 962 2655 indignitate
996 2588 1350 2655 ingemescat,
1393 2586 1812 2638 cum'Antonius

154 2655 382 2706 Lucium
420 2654 707 2707 Caesarem
744 2656 1067 2708 avunculum
1106 2674 1282 2722 suum,
1319 2655 1557 2725 Lepidus
1586 2655 1814 2706 Lucium

156 2724 387 2776 Paulum
438 2724 659 2776 fratrem
710 2743 864 2776 suum
921 2726 1335 2795 proscripserint
1354 2725 1380 2776 i>
1440 2742 1565 2775 nam
1610 2724 1811 2775 Romae
1829 2732 1855 2772 5

157 2794 334 2863 capita
382 2811 660 2845 caesorum
700 2812 999 2863 proponere
1054 2795 1111 2845 in
1163 2796 1350 2846 rostris
1405 2795 1512 2844 iam
1559 2793 1813 2843 usitatum

101 2885 143 2918 35
160 2871 298 2926 erat3
352 2881 540 2915 verum
587 2863 664 2914 sic
709 2880 811 2932 quo
850 2881 918 2914 ue
964 2864 1156 2915 civitas
1202 2862 1449 2914 lacrimas
1484 2870 1667 2913 tenere
1703 2877 1812 2912 non

157 2932 352 3000 potuit,
401 2950 522 2984 cum
566 2933 797 2984 recisum
881 2933 1109 2984 iceronis
1145 2937 1303 3001 caput
1340 2932 1397 2982 1n
1438 2930 1545 2982 illis
1583 2931 1693 2982 suis
1727 2946 1810 2980 ro-
