2020 3168
403 209 578 247 mmm
613 207 992 248 menorans.
1033 193 1157 245 XV.
1181 193 1336 246 XVI.
1361 193 1547 246 XVII.
1755 201 1826 250 15

149 351 270 388 cum
319 333 568 399 fiuvium,
621 341 736 384 tum
782 339 913 410 aput
952 331 1129 383 Issum
1169 330 1419 398 Ciliciae,
1472 334 1630 384 tertio
1673 334 1822 403 apud

149 399 380 468 Arbela,
428 401 600 454 tribus
635 400 856 472 proelils
888 406 1130 452 trecenta
1163 399 1429 469 peditum,
1477 401 1511 463 †
1544 401 1816 469 legionum

152 472 417 540 equitum,
474 470 578 522 duo
625 469 774 522 milia
816 467 1136 521 falcatorum
1172 485 1426 520 curruum
1462 471 1609 521 vicit.
1683 471 1817 523 Mox

150 557 335 608 regem
380 539 637 591 Indorum
684 546 736 590 et
780 556 963 591 omnes
999 539 1165 590 Asiae
1212 544 1401 606 gentes
1450 537 1549 590 sub
1585 547 1817 608 potesta-

0 628 29 716 }
107 629 128 661 5
151 615 263 659 tem
308 625 460 659 suam
503 608 714 676 redegit
760 616 813 660 et
856 607 1221 659 nobilissimas
1256 605 1419 658 urbes
1454 608 1620 659 Asiae
1662 610 1817 678 cepit,

150 675 374 742 SardeS,
411 677 633 742 Bactra,
677 675 838 742 Susa,
876 675 1259 746 Babyloniam,
1297 674 1391 727 ubi
1437 677 1598 727 etiam
1630 678 1835 729 defun--

0 719 19 776 fs
146 753 263 797 ctus
298 755 391 807 est,
432 744 659 806 dubium,
700 763 734 795 a
769 745 1066 797 vinolentia
1102 763 1173 796 an
1208 761 1441 811 veneno,
1481 763 1603 796 cum
1640 755 1819 798 tamen

144 815 294 884 prius
351 821 403 864 et
450 813 694 864 Africam
742 821 1086 884 peragrasset
1137 829 1308 883 usque
1352 813 1424 864 ad
1458 813 1647 865 Iovem
1691 817 1817 866 Am-

4 943 6 947 *
145 899 359 935 monem
395 890 447 934 et
471 882 747 934 Oceanum
778 884 980 952 primus
1019 883 1256 934 omnium
1287 882 1615 951 navigasset.
1691 883 1815 935 Phi·
1835 892 1869 933 3

12 951 14 954 ’
87 966 129 1000 10
145 951 184 1002 li
221 969 346 1020 puS,
386 952 476 1020 qui
496 959 618 1021 post
636 951 1009 1003 Alexandrum
1028 951 1382 1003 Macedonem
1401 952 1625 1021 septimo
1645 953 1819 1021 gradu

4 1021 15 1034 ”
206 1020 498 1084 acedoniae
523 1021 797 1089 regnavit,
831 1021 1075 1072 invectus
1108 1022 1165 1071 in
1191 1019 1477 1073 Graeciam
1506 1037 1627 1072 cum
1656 1039 1820 1073 saeve

148 1089 536 1156 dominaretur,
596 1107 629 1140 a
656 1087 904 1160 ,Sulpicio
966 1089 1184 1141 consule
1241 1090 1299 1140 in
1345 1088 1583 1141 Phocide
1640 1091 1816 1142 victus

148 1165 253 1225 est,
304 1175 431 1212 mox
470 1175 503 1209 a
537 1158 842 1211 Flaminino
879 1159 937 1209 in
971 1157 1325 1230 [Macedonia]
1372 1157 1654 1210 Thessalia
1691 1168 1818 1229 aput

80 1255 87 1264 ·
149 1226 587 1297 Cynoscephalas
599 1268 614 1294 ,
658 1227 752 1279 ubi
798 1227 922 1279 dato
966 1227 1153 1279 obside
1190 1227 1302 1278 filio
1338 1227 1616 1279 Demetrio
1662 1230 1818 1297 regni

6 1338 25 1358 .„
91 1303 297 1366 15parte
331 1297 586 1349 multatus
625 1304 721 1348 est.
803 1295 1000 1349 Perses
1037 1296 1275 1365 Philippi
1319 1296 1460 1347 filius
1471 1335 1485 1362 ,
1543 1315 1664 1349 cum
1704 1310 1856 1349 ma--z

142 1366 305 1417 ximis
354 1366 521 1434 copiis
555 1366 888 1418 Macedoniis
924 1366 952 1395 '¹‘
978 1366 1006 1395 ³⁸
1054 1372 1105 1416 et
1142 1383 1262 1416 cum
1305 1365 1361 1416 in
1399 1364 1685 1418 Graeciam
1722 1369 1815 1418 im—

143 1441 326 1503 petum
362 1434 601 1501 fecisset,
640 1453 761 1486 cum
792 1434 1042 1485 inanibus
1066 1433 1162 1485 ”ele
1181 1433 1484 1494 ,hantorum
1517 1436 1815 1487 simulacris

144 1520 176 1553 a
228 1502 433 1555 Marcio
485 1503 703 1555 consule
757 1502 901 1572 apud
948 1503 1144 1554 Ascuri
1185 1521 1269 1554 em
1321 1503 1575 1582 paludem
1623 1506 1813 1569 victuS,

12 1624 20 1639 -,
143 1573 326 1641 praeci
365 1573 512 1624 itatis
549 1574 606 1624 in
643 1590 791 1624 mare
826 1572 1093 1623 thesauris
1129 1572 1396 1643 profug1t3
1443 1590 1572 1625 mox
1607 1573 1675 1624 ab
1710 1575 1816 1624 Ae-

86 1658 128 1690 20
142 1639 293 1693 milio
391 1641 512 1693 aulo
570 1649 683 1694 tota
741 1641 1063 1693 Macedonia
1119 1642 1336 1710 fugatus
1394 1640 1816 1694 Samothraciam

30 1718 34 1720 ’
144 1710 391 1779 confugit
418 1711 474 1761 in
500 1711 733 1781 asylum,
768 1711 914 1762 unde
946 1710 1071 1762 data
1102 1710 1209 1762 fide
1239 1729 1360 1763 cum
1396 1729 1451 1762 se
1474 1710 1643 1762 Paulo
1677 1730 1815 1764 com-

97 1792 103 1797 ·
142 1779 404 1845 misisset,
458 1787 582 1831 ante
627 1798 843 1832 currum
887 1781 1001 1831 eius
1047 1782 1104 1831 in
1148 1781 1477 1850 triumphum
1523 1780 1815 1850 productus

143 1865 271 1899 mox
321 1847 495 1900 libera
543 1850 788 1901 custodia
828 1849 886 1900 in
931 1847 1145 1900 Albano
1196 1850 1491 1901 consenuit.
1579 1849 1862 1901 Pseudo-5

143 1916 444 1987 philippus,
498 1918 585 1970 vir
671 1918 876 1970 lebeius
932 1926 985 1969 et
1037 1917 1299 1986 degener,
1355 1938 1475 1971 cum
1524 1937 1594 1971 ex
1631 1919 1815 1970 simili-

13 1987 18 1990 ’
85 2012 129 2044 25
145 1985 334 2037 tudine
370 1986 575 2038 formae
658 1986 852 2056 hilippi
887 1986 1054 2039 filium
1092 2005 1150 2038 se
1196 2005 1314 2038 esse
1358 1989 1717 2058 persuasisset
1766 1997 1817 2039 ot

145 2053 471 2108 Macedonas
508 2057 565 2107 in
598 2055 803 2108 bellum
836 2057 1148 2121 excitasset,
1193 2057 1334 2108 inter
1369 2058 1523 2108 initia
1557 2057 1815 2108 tumultus

144 2124 561 2193 comprehensus
616 2125 726 2177 sub*
763 2125 1007 2177 custodia
1052 2126 1247 2178 missus
1295 2133 1375 2177 est
1419 2126 1667 2190 Romam,
1722 2126 1817 2176 ubi

144 2209 267 2243 cum
320 2211 390 2244 ex
437 2195 682 2246 custodia
726 2194 1052 2263 aufugisset,
1107 2195 1373 2246 concitata
1418 2212 1603 2246 rursus
1640 2194 1816 2246 Mace-

146 2261 308 2313 donia
343 2262 631 2316 Thraciam
663 2263 805 2316 bello
844 2264 1063 2332 recepit.
1140 2262 1205 2314 In
1241 2281 1363 2316 arce
1398 2265 1555 2332 regni
1596 2263 1816 2334 paluda-
1881 2292 1897 2302 x>

89 2336 232 2387 sotus
271 2331 354 2381 ius
394 2331 559 2399 dixit3
607 2351 734 2385 mox
769 2351 800 2384 a
840 2332 1078 2385 Caecilio
1114 2331 1334 2386 Metello
1372 2334 1578 2402 ingenti
1612 2332 1817 2402 proelio

145 2400 349 2464 victuS,
389 2419 508 2452 cum
542 2402 873 2471 profugisset
905 2402 963 2453 in
996 2401 1307 2468 Thraciam,
1346 2419 1378 2453 a
1411 2401 1631 2470 regibus
1671 2401 1815 2453 dedi-

146 2475 232 2519 tus
268 2478 340 2520 esc
380 2476 430 2520 et
465 2470 523 2521 in
557 2469 884 2540 triumphum
922 2471 1250 2540 deportatus.
1780 2478 1782 2481 '

251 2575 434 2629 XVII.
503 2578 746 2632 REGES
794 2580 893 2632 ET
930 2579 1179 2633 DVOES
1216 2579 1709 2632 ROMANORVM.

285 2673 571 2741 Romulus,
610 2677 702 2746 qui
740 2676 929 2730 urbem
966 2677 1223 2731 condidit.
1296 2675 1474 2727 Numa
1501 2675 1814 2744 Pompilius,

89 2761 131 2796 35
182 2744 240 2794 ui
295 2760 450 2796 sacra
504 2745 795 2798 constituit.
893 2746 1082 2799 Tullus
1128 2745 1394 2797 Hostilius
1407 2785 1420 2809 ,
1475 2745 1566 2814 qui
1619 2744 1816 2795 Albam

187 2811 200 2823 ‘
270 2813 328 2863 it.
412 2812 597 2866 Ancus
636 2814 889 2883 Martius,
947 2818 1037 2886 qui
1086 2815 1236 2884 leges
1282 2813 1540 2883 plurimas
1586 2813 1709 2864 tulit
1765 2821 1815 2865 et

147 2878 355 2932 Ostiam
392 2882 657 2935 coloniam
687 2886 976 2936 constituit.
1053 2884 1272 2937 Servius
1306 2881 1542 2950 Tullius,
1582 2884 1674 2952 qui
1708 2883 1810 2950 pri-

8 1495 22 1529 ζὶ
