2020 3168
770 212 814 280 1,
843 216 867 263 1
914 210 1130 284 [1-2J.
1754 216 1786 264 5

121 351 394 422 oppidum.
437 350 608 420 spolia
623 351 845 421 insuper
864 350 1042 420 opima
1061 349 1128 402 de
1147 366 1276 418 rege
1300 350 1522 419 Agrone
1541 349 1788 401 Feretrio

116 420 239 474 Iovi
250 420 498 472 manibus
521 420 632 471 suis
651 437 752 472 rex
768 419 1079 489 reportavit.
1113 416 1327 472 Sabinis
1347 417 1591 488 proditae
1601 424 1788 487 portae
1810 427 1862 467 12

117 507 216 560 per
248 490 519 558 virginem
539 488 826 558 Tarpeiam
852 488 1086 540 nomine.
1136 486 1321 540 dolose
1386 485 1532 539 uella
1559 487 1791 556 pretium

96 558 203 617 ,rei
223 575 360 629 quae
378 557 642 627 gerebant
671 558 728 608 in
759 557 992 609 sinistris
1020 558 1313 627 petiverat,
1340 505 1564 608 Xubium
1589 554 1789 624 clipeos

83 645 104 678 5
122 644 192 678 an
211 626 477 693 armillas;
508 625 614 692 illi,
650 633 710 677 ut
739 634 792 678 et
823 626 986 678 fidem
1006 625 1278 678 solverent
1307 632 1360 677 et
1387 624 1790 691 ulciscerentur,

120 695 307 774 clipeis
328 694 575 746 obruere.
607 696 683 746 ita
701 695 951 753 admissis
971 695 1113 745 intra
1130 695 1344 746 moenia
1360 693 1621 761 hostibus,
1634 700 1794 746 atrox
1812 709 1864 752 13

40 812 44 816 ,
117 764 176 815 in
194 780 313 833 ipso
333 762 452 815 foro
469 779 680 832 pugna,
709 762 845 814 adeo
875 770 935 814 ut
954 762 1214 814 Romulus
1239 762 1427 814 Iovem
1448 770 1648 828 oraret,
1680 762 1791 814 foe-

119 832 243 884 dam
264 831 562 885 suorum.fu
602 848 688 882 am
707 832 950 899 sisteret;
977 831 1104 883 hinc
1121 830 1380 901 templum
1398 838 1451 882 et
1472 829 1652 883 Stator
1668 830 1792 901 Iup-

116 902 274 971 piter.
323 900 544 952 tandem
588 900 869 952 urentibus
899 901 1239 952 intervenere
1267 907 1452 970 raptae
1480 900 1673 952 laceris
1706 917 1790 952 co·
1811 909 1862 949 14

63 987 104 1020 ιο
119 971 237 1022 mis,
306 971 384 1022 sic
428 986 539 1039 pax
580 970 725 1021 facta
771 987 889 1021 cum
928 969 1085 1022 Tatio
1132 969 1322 1021 foedus
1362 987 1430 1021 ue
1464 987 1790 1040 percussum,

118 1045 411 1109 secutaque
432 1057 519 1091 res
538 1039 675 1090 mira
696 1039 867 1105 dictu,
896 1046 955 1090 ut
989 1039 1191 1090 relictis
1227 1038 1344 1090 sedi
1382 1056 1446 1090 us
1468 1040 1578 1090 suis
1596 1056 1790 1090 novam

117 1109 173 1159 in
190 1107 383 1160 urbem
403 1107 584 1159 hostes
618 1108 1063 1176 demigrarentet
1092 1126 1213 1159 cum
1243 1109 1458 1176 generis
1478 1110 1588 1160 suis
1616 1108 1790 1158 avitas

118 1194 248 1246 opes
268 1194 368 1247 pro
402 1176 526 1229 dote
556 1178 840 1229 sociarent.
901 1178 1072 1228 auctis
1091 1176 1247 1229 brevi
1265 1176 1499 1245 viribuS,
1531 1177 1674 1232 hunc
1691 1194 1792 1228 rex
1812 1182 1862 1223 15

118 1246 552 1315 sapientissimus
573 1253 768 1297 statum
787 1246 866 1297 rei
884 1245 1133 1315 publicae
1153 1247 1208 1296 in
1250 1247 1417 1298 osuit:
1443 1247 1694 1298 iuventus
1713 1245 1790 1297 di-

63 1342 103 1374 15
119 1315 241 1365 visa
292 1331 350 1366 er
364 1313 539 1366 tribus
559 1316 616 1365 in
636 1316 785 1384 equis
807 1322 859 1366 et
882 1316 1043 1366 armis
1065 1314 1135 1366 ad
1155 1333 1217 1366 su
1257 1316 1332 1366 ita
1341 1314 1472 1367 belli
1485 1314 1791 1381 excubaret,

120 1385 270 1435 consi
296 1383 407 1434 ‘um
428 1383 509 1434 rei
525 1382 774 1452 publicae
792 1401 958 1452 penes
979 1401 1134 1435 senes
1155 1391 1320 1449 esset,
1353 1385 1445 1453 qui
1477 1402 1547 1436 ex
1565 1385 1792 1435 auctori-

115 1459 227 1504 tate
247 1458 446 1522 patres,
469 1450 537 1503 ob
557 1458 788 1503 aetatem
810 1459 1026 1504 senatus
1054 1451 1402 1503 vocabantur.
1452 1452 1536 1503 his
1557 1455 1631 1504 ita
1651 1452 1789 1504 ordi·
1811 1465 1862 1507 16

116 1522 260 1573 natis
292 1527 531 1590 repente,
563 1538 684 1572 cum
713 1521 1018 1573 contionem
1044 1520 1268 1573 haberet
1296 1527 1419 1581 ante
1447 1521 1636 1573 urbem
1666 1529 1794 1591 aput

122 1590 332 1660 Caprae
361 1589 639 1660 paludem,
680 1608 708 1641 e
741 1597 1031 1660 conspectu
1060 1589 1270 1642 ablatus
1304 1597 1401 1642 est.
1460 1590 1606 1642 disce
1672 1597 1786 1641 tum
1808 1607 1860 1648 17

62 1681 105 1714 20
121 1659 289 1730 aliqui
309 1677 342 1710 a
364 1666 554 1712 senatu
579 1666 769 1730 putant
794 1659 862 1712 ob
890 1660 1131 1730 asperius
1153 1660 1458 1728 ingenium3
1491 1659 1588 1711 sed
1606 1677 1636 1712 o
1678 1667 1794 1711 orta

117 1735 408 1799 tempestas
432 1729 668 1798 solisque
700 1728 929 1781 defectio
952 1729 1369 1781 consecrationis
1390 1730 1623 1799 speciem
1642 1746 1794 1799 prae-

117 1798 302 1850 buere.
342 1799 429 1849 cui
460 1815 590 1850 mox
619 1797 789 1851 Iulius
809 1798 1070 1851 Proculus
1098 1798 1261 1851 fidem
1279 1798 1434 1864 fecit,
1465 1799 1641 1850 visum
1670 1816 1702 1849 a
1732 1817 1788 1851 se
1812 1807 1864 1849 18

118 1866 410 1919 Romulum
426 1866 715 1919 adfirmans
728 1869 1035 1936 augustiore
1048 1868 1222 1920 forma
1234 1885 1394 1939 quam
1406 1868 1600 1919 fuisset
1614 1886 1626 1935 3
1647 1885 1794 1919 man—

0 1991 1 1994 ,
120 1936 250 1988 dare
276 1943 558 2006 praeterea
574 1943 634 1987 ut
652 1954 710 1987 se
727 1954 824 2006 pro
843 1938 1060 1990 numine
1080 1939 1412 2007 acciperent3
1435 1936 1719 2002 Quirinum
1739 1939 1795 1988 in

63 2031 108 2065 25
124 2006 278 2057 caelo
304 2006 514 2070 vocari3
572 2005 791 2057 lacitum
813 2006 895 2058 dis
916 2013 975 2058 ut
1034 2008 1235 2058 entium
1253 2006 1425 2058 Roma
1440 2013 1730 2077 poteretur.

266 2073 518 2127 Succedit
599 2075 776 2126 omulo
806 2075 983 2127 Numa
1059 2075 1332 2146 ompiliuS,
1369 2094 1527 2156 quem
1561 2075 1839 2129 Curibus2

126 2142 342 2198 Sabinis
374 2150 625 2212 agentem
653 2143 793 2196 ultro
825 2146 1136 2215 petiverunt
1168 2144 1235 2197 ob
1264 2144 1505 2196 inchtam
1534 2146 1640 2197 viri
1669 2144 1792 2196 reli-

125 2215 357 2282 gionem.
403 2212 496 2264 ille
516 2230 670 2265 sacra
689 2221 741 2265 et
762 2215 1112 2267 caerimonias
1146 2231 1460 2284 omnemque
1482 2214 1682 2266 cultum
1703 2213 1790 2265 de·
1808 2221 1835 2261 2

127 2300 280 2335 orum
308 2282 672 2334 inmortalium
703 2283 898 2350 docuit,
930 2283 1021 2336 ille
1041 2284 1338 2354 pontificeS,
1360 2300 1607 2352 augureS,
1631 2282 1792 2334 salios

60 2371 103 2405 30
129 2359 307 2404 cetera
345 2369 414 2402 ue
449 2351 774 2419 sacerdotia,
817 2371 1120 2423 annumque
1156 2354 1213 2405 in
1251 2352 1533 2405 duodecim
1564 2370 1791 2416 menseS,

125 2421 293 2473 fastos
353 2421 431 2472 ies
451 2420 797 2492 nefastosque
817 2423 1116 2493 descripsit,
1145 2423 1237 2475 ille
1257 2422 1455 2473 ancilia
1476 2422 1651 2492 adque
1670 2420 1790 2472 Pal·
1810 2429 1837 2471 3

125 2490 342 2557 ladium,
371 2497 579 2542 secreta
602 2492 865 2561 quaedam
884 2493 1095 2563 imperii
1112 2494 1357 2563 pignora,
1385 2491 1681 2561 Ianumque
1701 2508 1791 2559 ge·

125 2561 344 2627 minum,
369 2559 531 2612 fidem
588 2561 698 2612 acis
718 2578 782 2614 ac
798 2561 954 2628 belli,
985 2564 1042 2614 in
1097 2563 1246 2614 rimis
1268 2561 1448 2613 focum
1465 2560 1664 2612 Vestae
1685 2560 1790 2611 vir÷

126 2628 344 2699 ginibus
378 2629 531 2682 colen
572 2648 664 2682 um
692 2629 864 2698 dedit,
905 2638 965 2683 ut
1006 2649 1037 2683 a
1106 2631 1451 2683 simulacrum
1481 2630 1792 2681 caelestium

62 2721 105 2756 35
130 2699 367 2752 siderum
405 2706 583 2751 custos
621 2701 833 2769 imperii
868 2699 1083 2753 flamma
1117 2700 1396 2770 vigilaret:
1442 2699 1575 2751 haec
1613 2698 1792 2751 omnia

126 2769 281 2838 quasi
291 2770 498 2821 monitu
509 2768 641 2820 deae
651 2767 902 2838 Egeriae,
924 2788 1027 2840 quo
1047 2772 1218 2838 magis
1237 2769 1455 2822 barbari
1466 2769 1788 2838 acciperent.

127 2856 188 2890 eo
204 2838 438 2908 denique
454 2839 688 2891 ferocem
698 2839 955 2909 populum
973 2838 1197 2910 redegit,
1217 2846 1290 2906 ut,
1310 2837 1520 2908 quodvi
1532 2845 1583 2889 et
1594 2838 1790 2889 iniuria
1804 2835 1832 2874 4

130 2915 417 2976 occuparat
433 2908 731 2978 imperium,
754 2908 1018 2979 religione
1036 2909 1210 2979 adque
1229 2908 1435 2961 iustitia
1444 2906 1787 2977 gubernaret.
