2020 3168
415 173 592 212 LIBER
628 171 1008 212 nuomus.
1047 144 1553 210 XXVII—XXX.
1743 162 1812 213 23

147 300 250 353 bus
284 301 426 351 inter
459 296 748 351 Caesarem
780 303 832 350 et
852 296 1169 376 Pompeium
1201 302 1254 347 et
1287 313 1547 365 oppressa
1581 313 1678 365 per
1700 297 1813 348 vim

145 367 394 421 libertate
438 366 538 419 sub
580 368 740 419 unius
778 364 1026 418 Caesaris
1066 370 1388 435 potestatem
1421 364 1639 416 redacta
1687 373 1813 418 sunt

146 438 341 490 omnia.
425 435 518 489 Ex
568 453 631 488 eo
675 440 936 505 perpetua
983 433 1278 486 Caesarum
1323 433 1589 485 dictatura
1646 433 1812 485 domi-

145 513 321 558 natur.

2 508 32 698 Ξ.
107 629 130 661 ε
249 611 439 665 XXX.
547 610 849 664 INITIVM
899 608 1136 663 REGNI
1187 607 1705 662 MITHRIDATIS.

286 704 462 775 Cyrus
498 722 600 756 rex
618 704 907 756 Persarum
940 704 1144 773 primus
1179 703 1463 772 imperium
1481 701 1656 753 Medis
1686 701 1808 754 ade·
1828 719 1850 759 1

141 774 263 826 mit:
298 773 432 825 duos
467 772 609 824 filios
649 772 868 842 reliquit
906 771 1218 842 Cambysen
1254 778 1308 823 et
1346 769 1625 823 Smerden.
1699 771 1811 823 Ho·‘

140 860 261 893 rum
317 841 614 912 Cambyses
672 840 926 893 defuncto
980 847 1159 910 patre,
1224 840 1369 910 quod
1425 841 1597 891 maior
1653 848 1810 907 esset,

143 908 404 963 Smerden
452 911 510 962 in
550 910 684 963 solio
731 909 1007 962 sedentem
1042 927 1105 962 ca
1142 911 1215 961 ite
1261 908 1469 962 caelum
1498 908 1713 978 pulsare
1759 915 1811 960 in

86 989 128 1023 ¹0
143 985 322 1032 somnis
364 983 535 1032 videns
566 979 919 1032 occidendum
958 978 1099 1051 [eum
1167 979 1401 1031 curavit:
1448 980 1564 1048 ipse
1614 978 1811 1031 deinde

140 1056 420 1101 revertens
473 1048 543 1101 ab
596 1048 887 1119 Aethiopia
937 1047 1100 1100 rebus
1154 1049 1190 1111 †
1240 1047 1525 1118 perfractis
1579 1065 1701 1099 cum
1753 1050 1811 1099 in

139 1118 454 1188 Aegyptum
485 1121 742 1184 Memphin
776 1119 1018 1170 venisset
1051 1117 1363 1188 incolasque
1410 1118 1522 1168 eius
1560 1116 1667 1169 loci
1702 1116 1810 1169 lae·

139 1194 315 1238 tantes
361 1187 709 1254 advertisset,
753 1194 902 1238 ratus
949 1186 1071 1239 illos
1110 1186 1502 1248 adversisvsuis
1548 1186 1855 1240 insultare2

139 1256 287 1324 Apin
322 1256 381 1308 in
401 1256 600 1309 femine
630 1256 938 1308 vulneravit
973 1256 1266 1326 eodemque
1300 1257 1412 1307 ictu
1445 1255 1660 1308 occidit.
1721 1256 1810 1307 In·

8 1346 24 1386 3
85 1339 124 1371 ιε»
141 1325 300 1376 terim
318 1343 509 1394 magus
539 1326 771 1396 quidam,
811 1324 1079 1392 SmerdeS,
1116 1324 1416 1377 Patizithae
1451 1324 1641 1391 frater,
1680 1325 1810 1377 abu-

137 1401 258 1445 tens
305 1396 546 1460 nomine,
595 1412 666 1446 ex
714 1394 919 1447 formae
964 1412 1092 1446 suae
1138 1394 1489 1446 similitudine
1534 1394 1705 1446 filium
1750 1413 1809 1446 se

141 1460 274 1531 Cyri
304 1462 584 1532 professus
607 1481 834 1532 regnum
856 1463 1135 1515 Persicum
1169 1464 1460 1515 invaserat.
1518 1462 1678 1527 Quod
1713 1464 1812 1515 ubi

140 1529 402 1600 Cambysi
433 1533 738 1583 nuntiatum
771 1539 877 1598 est,
927 1533 1143 1601 regredi
1179 1532 1237 1583 in
1267 1534 1498 1602 patriam
1533 1540 1809 1584 maturans

139 1598 337 1652 oblitus
383 1608 465 1653 est
510 1600 779 1671 gladium,
828 1618 932 1672 quo
970 1602 1129 1672 Apin
1161 1602 1531 1668 interfecerat,
1576 1603 1811 1670 vaginae

77 1678 122 1710 20
140 1668 393 1722 reddere:
448 1670 593 1741 quod
638 1688 760 1722 cum
804 1678 1088 1723 conaretur
1137 1670 1378 1738 efficere,
1429 1671 1609 1723 femen
1655 1690 1811 1722 suum

0 1722 1 1754 ¹
137 1737 446 1791 vulneravit
476 1747 530 1792 et
561 1757 680 1791 eam
701 1747 922 1809 partem,
994 1758 1064 1792 ua
1084 1740 1232 1810 Apin
1261 1740 1660 1793 vulneraverat.
1718 1741 1811 1792 Ex

138 1807 328 1859 eodem
351 1808 577 1860 vulnere
601 1810 660 1860 in
687 1810 871 1878 paucis
900 1810 986 1861 die
1027 1827 1089 1861 us
1124 1809 1274 1862 obiit.
1348 1809 1436 1862 De
1460 1811 1611 1862 cuius
1637 1817 1806 1862 morte
1824 1819 1855 1861 3

174 1883 420 1947 ostquam
470 1878 666 1930 certior
721 1880 941 1930 nuntius
997 1879 1069 1930 ad
1117 1879 1311 1931 Persas
1363 1881 1537 1946 venit,
1606 1878 1809 1932 Otanes

184 1944 506 2016 haedymam
541 1946 710 1998 filiam
747 1965 922 2014 suam,
973 1965 1203 2018 quacum
1240 1947 1489 2001 Smerdes
1527 1956 1810 2001 consuetu-

76 2027 120 2074 ,2⁵
138 2013 319 2066 dinem
366 2015 624 2083 habebat,
676 2016 912 2083 edocuit,
960 2025 1042 2081 ut,
1091 2035 1210 2068 cum
1256 2017 1347 2069 ille
1394 2020 1598 2088 sopitus
1648 2026 1806 2084 esset,

133 2090 313 2135 utrum
350 2102 506 2137 aures
540 2092 708 2137 tectas
746 2087 912 2138 comis
950 2085 1173 2138 haberet
1207 2087 1625 2156 periclitaretur3
1676 2088 1809 2138 scie-

133 2151 227 2203 bat
265 2154 407 2205 enim
442 2172 475 2206 a
510 2153 655 2223 Cyro
693 2153 904 2207 Smerdi
940 2173 1097 2224 mago
1139 2156 1295 2207 adem
1332 2163 1415 2208 tas
1451 2174 1627 2208 aures.
1702 2155 1808 2207 Illa

134 2220 332 2273 falsum
370 2241 490 2275 esse
526 2222 788 2276 Smerden
833 2225 1186 2277 confirmavit.
1310 2243 1415 2277 unc
1463 2234 1668 2295 septem
1711 2236 1850 2278 no·4

134 2288 387 2342 bilissimi
407 2291 608 2344 Persae
643 2295 784 2346 inter
806 2311 862 2346 se
886 2295 1331 2360 coniuraverunt3
1371 2313 1555 2347 eorum
1585 2295 1806 2347 nomina

77 2367 120 2401 30
137 2358 270 2410 haec
307 2367 454 2412 sunt:
505 2362 731 2429 Otanes,
767 2362 824 2414 H
865 2364 1084 2429 darneS,
1122 2364 1475 2434 Aspathines,
1525 2364 1806 2434 Intapher·

134 2446 258 2493 nee,
326 2429 685 2500 MegabyzuS,
740 2431 824 2485 Gro
865 2435 999 2500 rieS,
1063 2432 1283 2485 Darius.
1374 2433 1590 2486 Deinde
1642 2451 1802 2502 mago

135 2495 357 2549 Smerde
404 2500 685 2554 interfecto
732 2504 1146 2568 constituerunt,
1200 2505 1279 2554 uti
1318 2511 1541 2572 excepto
1577 2502 1803 2572 posthac

135 2564 309 2618 Otane
347 2586 418 2619 ex
453 2569 487 2632 †
510 2568 617 2621 illis
656 2579 922 2639 regnaret,
962 2574 1112 2624 cuius
1153 2591 1181 2623 e
1220 2591 1321 2624 uus
1349 2574 1552 2641 primus
1592 2574 1649 2623 in
1682 2572 1801 2623 loco

134 2653 291 2703 quem
313 2635 642 2706 delegissent
665 2639 943 2693 hinnisset.
1020 2641 1173 2693 Tunc
1250 2641 1461 2706 ebareS,
1499 2659 1663 2709 agaso
1687 2640 1796 2692 Da-
1815 2656 1843 2695 5

75 2713 118 2747 35
134 2704 226 2767 rii,
267 2723 462 2775 equum
489 2706 691 2759 domini
725 2709 796 2761 ad
833 2709 1010 2762 locum
1045 2711 1378 2780 praedictum
1412 2711 1591 2762 duxit:
1638 2711 1672 2772 ἦ·
1709 2709 1801 2761 ille

134 2770 239 2824 alio
275 2773 391 2826 loco
430 2774 750 2828 abscondet:
787 2785 916 2830 tunc
952 2798 1119 2849 equus
1143 2779 1301 2831 Darii
1336 2797 1591 2849 magnum
1626 2779 1802 2830 hinni-

131 2847 246 2892 tum
282 2843 447 2895 dedit.
521 2844 606 2895 Ita
647 2845 844 2898 Darius
882 2866 1110 2918 regnum
1146 2850 1398 2918 optinuit,
1434 2866 1466 2899 a
1502 2866 1605 2918 quo
1642 2849 1802 2900 Arta·
