2020 3168
202 150 272 197 40
795 160 970 198 Fnom
989 159 1263 199 ΕΡΙΤΟΜΑ.

207 290 260 336 et
281 283 606 335 Macedonas
625 290 684 335 ut
711 284 869 335 tertio
903 300 1112 353 quoque
1141 285 1504 352 vincerentur,
1533 286 1721 339 eodem
1743 294 1874 340 tem·
1965 286 1968 294 ’

160 364 191 403 2
246 370 337 404 ore
376 352 485 403 utri
522 370 589 403 ue
625 369 774 402 arma
807 359 1107 403 moverunt.
1158 353 1254 404 sed
1281 353 1430 421 prior
1457 355 1643 422 iugum
1672 359 1875 409 excutit
1962 411 1968 414 ,

206 371 448 487 BlacedO,
470 437 502 470 a
523 421 741 490 iquanto
763 437 921 490 quam
949 427 1072 471 ante
1091 422 1324 488 gravior,
1355 421 1482 472 dum
1499 426 1871 478 contemnitur.
1913 443 1917 449 ·

162 499 190 541 3
211 507 373 541 causa
401 488 534 540 belli
559 505 726 558 prope
760 487 1141 555 erubescenda.
1226 491 1387 559 uippe
1421 507 1647 558 regnum
1671 495 1874 562 pariter
1967 486 1974 502 ’

205 566 259 610 et
293 557 496 609 bellum
529 559 615 608 vir
655 556 877 609 ultimae
915 558 1074 608 sortis
1108 507 1408 610 Andriscus
1442 560 1741 628 invaserat,
1778 562 1872 614 du·
1887 587 1910 619 5
1974 554 1976 557 ⁵

201 626 354 678 bium
386 625 524 677 liber
573 643 643 676 an
680 643 893 691 servm,
939 628 1337 678 mercennarius
1386 634 1558 696 certe3
1605 630 1702 681 sed
1781 632 1874 683 uia
1971 663 1974 666 ·

201 694 368 763 vulgo
410 693 692 764 Philippus
727 694 927 746 Persae
967 693 1110 747 filius
1156 695 1475 763 vocabatur,
1521 698 1729 766 regiam
1790 717 1875 752 or-

201 781 371 831 mam,
410 764 619 831 regium
652 780 873 830 nomen,
913 764 1147 814 animum
1185 781 1395 835 quoque
1431 767 1574 834 regis
1611 767 1870 836 implevit.

159 833 373 901 4igitur
404 832 531 884 dum
563 831 697 884 haec
725 833 844 902 ipsa
880 834 1171 885 contemnit
1204 834 1433 903 populus
1462 834 1754 903 Romanus,
1784 836 1872 888 Iu-

203 902 387 954 ventio
416 907 664 971 praetore
691 907 988 968 contentuS,
1023 902 1339 954 virumnon
1363 902 1730 956 Macedonicis
1759 922 1930 959 mo-1o
1970 912 1972 917 ’

206 970 275 1022 do
315 970 411 1023 sed
445 969 709 1021 Thraciae
755 987 858 1040 quo
896 988 964 1022 ue
1011 970 1228 1023 auxiliis
1277 971 1586 1040 ingentibus
1631 973 1872 1026 validum

203 1047 406 1091 temere
435 1039 718 1108 temptavit
741 1039 869 1089 inva
895 1038 1028 1105 'duS,
1059 1040 1257 1108 quique
1280 1057 1391 1091 non
1414 1057 1448 1090 a
1468 1042 1613 1092 veris
1632 1042 1869 1110 regibUS,

162 1107 274 1162 5ab
310 1108 403 1159 illo
433 1107 752 1176 imaginario
789 1113 842 1158 et
871 1107 1117 1159 scaenico
1153 1125 1283 1176 rege
1319 1115 1598 1177 superatus
1629 1117 1724 1161 est.
1775 1111 1873 1163 sed

206 1176 395 1228 consul
429 1175 682 1227 Metellus
719 1177 975 1227 amissum
1015 1193 1135 1226 cum
1170 1175 1384 1245 legione
1416 1184 1719 1246 praetorem
1761 1179 1871 1249 ple-

202 1246 426 1296 nissime
462 1244 607 1295 ultus
645 1251 742 1296 est.
798 1262 923 1295 nam
961 1251 1014 1296 et
1049 1244 1419 1299 Macedoniam
1453 1247 1710 1299 servitute
1737 1248 1871 1300 mul·
1888 1262 1931 1295 1⁵

201 1315 341 1366 tavit
387 1321 440 1365 et
474 1313 665 1365 ducem
708 1312 839 1365 belli
877 1313 1116 1365 deditum
1161 1313 1229 1365 ab
1270 1332 1332 1367 eo
1379 1314 1450 1366 ad
1486 1333 1644 1386 quem
1688 1317 1872 1370 confu-

202 1389 358 1452 gerat
408 1382 671 1434 Thraciae
723 1383 911 1451 regulo
963 1384 1020 1433 in
1062 1381 1253 1434 urbem
1297 1384 1355 1434 in
1392 1385 1594 1436 catenis
1637 1385 1869 1452 reduxit,
1943 1434 1951 1437 ,
1984 1403 1994 1411 “

202 1452 307 1504 hoc
335 1469 438 1521 quo
477 1469 546 1502 ue
575 1451 741 1515 illijn
769 1451 924 1502 malis
956 1452 1065 1502 suis
1100 1451 1414 1521 indulgente
1445 1452 1675 1520 fortuna,
1712 1462 1772 1505 ut
1803 1455 1871 1507 de
1985 1471 1991 1479 ⁴

204 1539 266 1573 eo
303 1538 446 1590 popu
468 1538 531 1571 us
560 1520 832 1572 Romanus
875 1522 1029 1590 quasi
1070 1520 1136 1571 de
1171 1538 1300 1590 rege
1335 1539 1465 1574 vero
1500 1522 1869 1592 triumpharet.

371 1629 589 1681 XXXI.
631 1629 939 1681 BELLVM
976 1628 1317 1682 PVNICVM
1352 1620 1705 1683 TERTIVM.
1883 1654 1929 1687 20
1989 1643 2009 1710 J³

85 1748 147 1802 11,
164 1734 228 1786 15
347 1728 591 1780 Tertium
606 1727 871 1779 Punicum
888 1727 1091 1779 bellum
1110 1734 1162 1779 et
1187 1734 1426 1796 tempore
1447 1728 1703 1796 exiguum
1724 1729 1871 1799 (nam

203 1798 554 1872 quadriennio
571 1803 783 1866 raptum
802 1796 904 1866 est)
925 1803 977 1848 et
989 1797 1046 1847 in
1060 1797 1508 1866 comparationem
1522 1797 1760 1865 priorum
1775 1799 1871 1849 mi-

203 1870 408 1921 nimum
436 1865 621 1918 labore
654 1870 785 1935 (non
815 1866 958 1916 enim
983 1872 1095 1917 tam
1125 1883 1247 1915 cum
1270 1865 1404 1916 viris
1426 1883 1585 1934 quam
1615 1883 1735 1917 cum
1754 1868 1871 1936 ipsa

203 1937 339 1991 urbe
364 1941 662 2006 pugnatum
691 1934 793 2002 est)
832 1941 884 1985 et
910 1934 1068 2003 plane
1096 1934 1390 1985 maximum
1418 1941 1638 1986 eventu:
1674 1936 1869 2004 quippe
2006 1979 2008 1995 2

158 2016 186 2055 2
201 2006 421 2059 tandem
449 2004 718 2072 Carthago
748 2003 901 2054 finita
920 2009 1017 2054 est.
1066 2003 1266 2072 adquin
1284 2003 1330 2053 si
1350 2003 1467 2072 quis
1484 2004 1646 2054 trium
1661 2010 1862 2073 tempo·
1880 2023 1924 2056 25
1995 2004 2020 2060 νὴ

202 2095 323 2129 rum
357 2080 628 2126 momenta
655 2072 958 2125 consideret
966 2080 1005 2139 ,⁹
1023 2073 1192 2140 primo
1222 2072 1562 2124 commissum
1601 2078 1681 2123 est
1706 2071 1869 2124 Puni·
2019 2070 2020 2087 *

206 2164 328 2198 cum
343 2143 571 2208 bellum,
600 2141 944 2212 profligatum
962 2140 1212 2206 secundO,
1241 2140 1398 2193 tertio
1417 2158 1546 2192 vero
1567 2140 1870 2193 confectum

162 2225 189 2267 3
207 2221 304 2267 est.
356 2212 453 2264 sed
479 2212 637 2263 huius
668 2228 829 2262 causa
855 2209 1011 2276 belli,
1055 2209 1199 2279 quod
1218 2216 1403 2261 contra
1430 2209 1664 2261 foederis
1693 2208 1870 2278 legem

210 2284 470 2335 adversus
490 2279 751 2331 Numidas
775 2278 1012 2349 quidem,
1044 2278 1140 2329 sed
1164 2284 1445 2347 parassent
1464 2277 1691 2330 classem
1710 2287 1761 2329 et
1778 2297 1867 2331 ex·

162 2370 191 2408 4
209 2353 448 2405 ercitum.
486 2350 739 2419 frequens
761 2354 941 2400 autem
958 2347 1278 2399 Massinissa
1295 2347 1417 2398 finis
1437 2347 1745 2414 territabat3
1769 2348 1864 2399 sed
1882 2365 1926 2398 30

206 2421 332 2474 huic
348 2426 409 2471 ut
428 2416 569 2471 bono
592 2418 841 2487 socioque
860 2419 979 2485 regi
997 2415 1297 2468 favebatur.
1330 2434 1452 2467 cum
1471 2415 1538 2467 de
1554 2414 1698 2469 bello
1719 2415 1868 2468 sede—

206 2497 314 2556 ret,
348 2489 414 2540 de
432 2487 563 2539 belli
580 2487 687 2538 fine
704 2492 988 2538 tractatum
1007 2491 1103 2537 est.
1150 2484 1283 2537 Cato
1302 2484 1620 2554 inexpiabili
1637 2484 1758 2536 odio
1780 2484 1868 2536 de-

208 2558 425 2610 lendam
455 2574 572 2608 esse
597 2555 1004 2624 Carthaginem,
1034 2561 1087 2606 et
1116 2571 1237 2605 cum
1264 2555 1329 2606 de
1361 2553 1466 2606 alio
1486 2552 1865 2620 consuleretur,

166 2653 192 2692 5
207 2625 612 2697 pronuntiabat,
645 2623 823 2694 Scipio
841 2623 1040 2676 Nasica
1059 2624 1403 2690 servandam,
1432 2639 1501 2674 ne
1519 2628 1664 2673 metu
1688 2621 1866 2674 ablato

211 2696 450 2748 aemulae
462 2694 724 2746 luxuriari
742 2692 972 2744 felicitas
989 2691 1138 2743 urbis
1158 2693 1442 2761 inciperet3
1463 2691 1696 2743 medium
1712 2708 1861 2742 sena·
1881 2704 1923 2737 3⁵

170 2778 201 2819 6
217 2771 302 2816 tus
327 2764 503 2832 elegit,
521 2769 581 2814 ut
597 2762 727 2813 urbs
745 2768 950 2813 tantum
968 2761 1085 2814 loco
1103 2767 1424 2813 moveretur.
1446 2759 1581 2811 nihil
1592 2760 1733 2810 enim
1751 2777 1866 2829 spe·

220 2833 415 2885 ciosius
443 2830 728 2883 videbatur
757 2848 916 2901 quam
936 2847 1052 2882 esse
1080 2829 1483 2899 Carthaginem,
1515 2845 1650 2898 quae
1677 2845 1786 2880 non
1803 2829 1867 2880 ti-
